1702 2918
496 171 643 218 THE
678 171 997 220 EPISTLES
1034 172 1124 219 OF
1158 172 1424 221 SENECA

221 285 275 325 ut
297 282 456 326 otium
479 285 624 326 tuum
647 282 876 342 ignotum
909 283 985 326 sit.
1062 280 1176 326 Non
1200 286 1280 328 est
1310 279 1443 342 quod
1471 281 1702 327 inscribas

218 359 311 405 tibi
356 359 723 423 philosophiam
768 366 856 407 aut
901 360 1163 424 quietem.¹
1254 360 1410 407 Aliud
1456 364 1702 423 proposito

216 445 305 487 tuo
345 457 530 488 nomen
570 445 786 504 inpone3
838 441 1178 490 valetudinem
1226 448 1280 489 et
1325 442 1702 489 inbecillitatem

219 537 338 568 voca
378 528 431 569 et
472 522 727 570 desidiam.
802 522 1015 569 Gloriari
1055 526 1157 570 otio
1194 526 1326 570 iners
1366 523 1573 570 ambitio
1614 529 1702 570 est.

165 600 193 646 4
217 602 468 650 Animalia
502 604 748 668 quaedam
784 620 850 651 ne
886 607 1098 651 inveniri
1132 608 1341 667 possint,
1377 607 1588 667 vestigia
1621 620 1702 650 sua

216 687 344 730 circa
374 688 538 747 ipsum
561 685 725 732 cubile
757 685 1104 742 confundunt3
1138 685 1275 732 idem
1298 685 1391 731 tibi
1422 684 1702 732 faciendum

216 771 305 812 est.
380 766 583 830 Alioqui
624 783 727 813 non
768 767 1001 825 deerunt,
1044 770 1130 830 qui
1176 782 1374 830 semper
1419 772 1702 829 sequantur.

217 845 370 893 Multi
393 854 568 910 aperta
590 853 871 906 transeunt,
890 847 1093 894 condita
1112 853 1166 895 et
1189 847 1415 894 abstrusa
1437 850 1702 903 rimantur;

214 926 375 974 furem
424 932 621 990 signata
666 930 952 977 sollicitant.
1050 929 1162 976 Vile
1209 929 1423 987 videtur,
1471 928 1702 992 quicquid

213 1015 372 1070 patet,
391 1016 565 1072 aperta
584 1010 885 1058 effractarius
910 1014 1165 1074 praeterit.
1241 1010 1349 1056 Hos
1368 1026 1529 1057 mores
1553 1010 1702 1056 habet

213 1090 442 1152 populus,
475 1090 565 1138 hos
600 1095 998 1155 imperitissimus
1033 1095 1272 1155 quisque:
1319 1095 1372 1138 in
1407 1097 1600 1138 secreta
1631 1093 1702 1136 inu

212 1188 444 1235 rumpere
492 1177 643 1236 cupit.
719 1172 984 1236 Optimum
1030 1176 1202 1237 itaque
1250 1178 1327 1220 est
1374 1189 1477 1220 non
1521 1176 1702 1219 iactare

164 1253 189 1298 5
212 1256 371 1299 otium
396 1270 553 1300 suum.
627 1254 854 1302 lactandi
885 1261 1058 1301 autem
1090 1271 1250 1318 genus
1276 1261 1352 1301 est
1375 1257 1522 1300 nimis
1546 1254 1702 1300 latere

212 1339 266 1380 et
299 1351 329 1380 a
363 1341 636 1398 conspectu
677 1335 936 1382 hominum
972 1335 1221 1383 secedere.
1296 1335 1390 1383 Ille
1431 1335 1702 1382 Tarentum

211 1430 264 1462 se
288 1416 500 1474 abdidit,
524 1417 610 1464 ille
636 1417 847 1480 Neapoli
879 1417 1099 1464 inclusus
1131 1423 1224 1474 est,
1250 1417 1336 1463 ille
1361 1416 1531 1464 multis
1562 1419 1702 1462 annis

210 1513 313 1543 non
353 1502 532 1545 transit
572 1498 748 1545 domus
791 1514 909 1545 suae
950 1498 1118 1546 limen.
1192 1498 1444 1545 Convocat
1489 1498 1702 1554 turbam,

162 1577 187 1624 δ
209 1581 432 1642 quisquis
474 1583 576 1626 otio
617 1596 706 1627 suo
747 1579 964 1643 aliquam
1011 1579 1230 1626 fabulam
1271 1582 1504 1642 inposuit.
1578 1578 1701 1625 Cum

210 1664 488 1719 secesseris,
512 1677 613 1707 non
649 1667 728 1708 est
762 1660 857 1707 hoc
892 1660 1164 1724 agendum,
1195 1666 1253 1707 ut
1287 1660 1351 1707 de
1386 1666 1440 1707 te
1476 1659 1702 1706 homines

208 1741 492 1805 loquantur,
516 1742 607 1790 sed
638 1750 696 1790 ut
726 1746 832 1805 ipse
865 1749 1035 1789 tecum
1067 1743 1292 1805 loquaris.
1365 1742 1500 1800 Quid
1530 1747 1700 1788 autem

208 1823 451 1887 loqueris?
511 1823 662 1882 Quod
685 1823 913 1876 homines
931 1824 995 1870 de
1015 1824 1124 1871 aliis
1148 1824 1475 1870 libentissime
1495 1823 1701 1880 faciunt,

208 1905 273 1952 de
307 1912 361 1952 te
396 1906 530 1968 apud
570 1912 624 1953 te
658 1905 790 1953 male
826 1909 1085 1962 existima3
1134 1905 1397 1952 adsuesces
1439 1911 1494 1952 et
1533 1904 1699 1951 dicere

207 2001 381 2033 verum
406 1993 459 2034 et
490 1986 676 2036 audire.
751 1987 811 2034 Id
835 1993 1006 2034 autem
1030 1990 1247 2034 maxime
1280 1993 1457 2045 tracta,
1481 1986 1613 2050 quod
1647 1988 1697 2032 in

157 2064 184 2112 7
207 2073 260 2114 te
319 2083 426 2115 esse
478 2067 865 2115 infirmissimum
924 2071 1123 2117 senties.
1223 2068 1355 2115 Nota
1410 2067 1566 2115 habet
1624 2069 1697 2113 sui

206 2151 417 2212 quisque
458 2152 674 2212 corporis
715 2152 848 2196 vitia.
939 2149 1120 2214 Itaque
1161 2149 1286 2196 alius
1326 2153 1515 2196 vomitu
1563 2149 1698 2195 leva*-

205 2229 534 2290 stomachum,
562 2230 687 2278 alius
723 2230 1012 2294 frequenti2
1048 2231 1159 2278 cibo
1191 2230 1352 2289 fulcit,
1384 2231 1509 2277 alius
1543 2234 1697 2277 inter-

272 2315 285 2341 ¹
314 2321 392 2357 aut
417 2316 597 2370 quietem
615 2315 670 2359 Ο.
698 2316 960 2366 Rossbaeh;
990 2321 1068 2358 aut
1086 2316 1162 2371 qui
1187 2317 1317 2358 etiam
1335 2329 1394 2369 p;
1423 2317 1544 2370 atqui
1568 2316 1697 2358 etiam

205 2369 528 2478 Vlzly'requenti
547 2424 659 2466 later
678 2423 808 2467 MSS.
828 2441 841 2474 ;
871 2439 899 2465 a
908 2425 1132 2479 frequenti
1149 2423 1307 2478 pVPb.

205 2490 1694 2563 mi&

203 2563 335 2604 latere
352 2563 521 2611 sciebat,
543 2576 632 2605 non
650 2564 800 2606 vivere.

204 2627 267 2675 46
