1702 2918
467 153 614 200 THE
649 151 970 200 EPISTLES
1006 151 1098 200 OF
1132 151 1401 200 SENECA

102 265 164 312 “6
188 263 448 321 Quantum
466 266 805 325 temptaveris.
861 261 1001 320 Quid
1019 264 1291 325 expectas?
1347 261 1487 309 Nulli
1505 279 1677 325 sapere

186 375 301 405 casu
330 359 527 422 obtigit.
607 358 825 405 Pecunia
854 361 1028 405 veniet
1058 357 1206 416 ultro,
1239 357 1399 404 honor
1429 357 1679 419 offeretur,

185 458 345 518 gratia
372 471 430 501 ac
462 454 682 517 dignitas
712 453 922 501 fortasse
954 457 1251 517 ingerentur
1281 453 1404 511 tibi;
1438 457 1595 502 virtus
1626 459 1678 503 in

184 555 239 597 te
278 565 382 597 non
421 548 627 596 incidet.
702 549 780 597 Ne
821 549 920 597 levi
961 549 1167 613 quidem
1204 565 1356 612 opera
1395 556 1484 597 aut
1529 567 1679 614 parvo

183 645 352 693 labore
372 649 718 709 cognoscitur;
754 645 844 693 sed
862 651 941 693 est
963 648 1094 693 tanti
1118 645 1341 693 laborare
1360 650 1526 694 omnia
1550 648 1679 696 bona

184 741 340 789 semel
381 747 697 803 occupaturo.
774 739 944 787 Unum
992 747 1071 788 est
1118 744 1252 787 enim
1299 741 1503 801 bonum,
1545 745 1678 807 quod

184 838 484 894 honestum3
535 841 589 884 in
629 837 727 884 illis
767 836 896 884 nihil
942 840 1170 885 invenies
1208 840 1328 895 veri,
1370 837 1498 885 nihil
1538 844 1678 899 certi,

130 941 159 991 7
183 950 530 999 quaecumque
562 934 723 982 famae
756 934 972 997 placent.
1045 933 1215 993 Quare
1239 940 1409 981 autem
1434 951 1587 982 unum
1614 939 1679 984 sit

182 1032 387 1090 bonum,
419 1030 555 1096 quod
592 1029 879 1090 honestum,
911 1031 1091 1089 dicam,
1123 1034 1360 1095 quoniam
1390 1048 1565 1095 parum
1596 1049 1678 1082 me

90 1122 99 1129 ’
184 1134 477 1176 exsecutum
501 1131 664 1191 priore
689 1127 906 1191 epistula
927 1126 1116 1174 iudicas
1140 1129 1399 1190 magisque
1423 1126 1553 1176 hanc
1571 1145 1678 1177 rem

181 1225 276 1272 tibi
316 1223 569 1271 laudatam
612 1239 763 1288 quam
803 1223 1065 1287 probatam
1102 1228 1266 1286 putaS,
1309 1228 1364 1270 et
1403 1226 1456 1269 in
1495 1229 1678 1284 artum,

181 1336 311 1385 quae
335 1320 472 1367 dicta
495 1326 630 1378 sunt,
655 1318 959 1367 contraham.

128 1422 159 1470 8
266 1415 451 1463 Omnia
475 1431 564 1463 suo
595 1415 727 1462 bono
751 1420 999 1462 constant.
1071 1413 1243 1462 Vitem
1278 1414 1511 1464 fertilitas
1543 1433 1676 1464 com-

180 1511 389 1559 mendat
414 1517 468 1558 et
491 1527 636 1574 sapor
659 1513 778 1569 vini,
797 1510 1037 1558 velocitas
1061 1526 1276 1559 cervum.
1338 1511 1504 1571 Quam
1529 1512 1677 1562 fortia

179 1607 325 1655 dorso
348 1610 575 1654 iumenta
598 1610 700 1654 sint
722 1610 934 1671 quaeris,
954 1622 1162 1670 quorum
1187 1606 1269 1654 hic
1293 1623 1421 1655 unus
1441 1614 1519 1655 est
1542 1625 1675 1671 usus,

178 1707 421 1752 sarcinam
468 1702 612 1751 ferre.
709 1702 771 1749 In
818 1718 941 1750 cane
993 1705 1235 1766 sagacitas
1288 1706 1448 1766 prima
1494 1711 1588 1764 est,
1635 1709 1675 1754 si

177 1802 480 1862 investigare
514 1798 670 1846 debet
704 1797 851 1856 feras,
883 1814 1069 1856 cursus,
1102 1800 1143 1844 si
1175 1802 1429 1862 consequi,
1453 1800 1674 1862 audacia,

179 1899 219 1942 si
266 1894 495 1941 mordere
541 1901 596 1942 et
640 1893 890 1941 invadere.
976 1893 1036 1940 Id
1082 1896 1134 1940 in
1181 1910 1381 1958 quoque
1428 1900 1674 1959 optimum

127 1993 156 2040 9
179 2006 289 2038 esse
325 1989 497 2048 debet,
533 1993 614 2037 cui
648 1993 884 2047 nascitur,
920 2005 1019 2052 quo
1054 1995 1299 2037 censetur.
1375 1989 1436 2036 In
1471 1991 1674 2042 homine

179 2089 427 2150 optimum
459 2085 581 2149 quid
613 2087 728 2133 est?
800 2085 975 2141 Rati03
1010 2084 1105 2132 hac
1136 2085 1395 2133 antecedit
1425 2088 1673 2149 animalia,

178 2180 300 2228 deos
324 2185 561 2244 sequitur.
637 2180 783 2227 Ratio
808 2196 928 2244 ergo
951 2180 1177 2244 perfecta
1208 2185 1460 2244 proprium
1485 2182 1672 2234 bonum

179 2283 275 2335 est,
316 2283 486 2324 cetera
524 2276 598 2324 illi
639 2293 754 2324 cum
793 2275 1090 2323 animalibus
1130 2279 1350 2340 satisque
1391 2284 1672 2329 communia

179 2377 311 2420 sunt.
384 2371 563 2429 Valet;
599 2378 653 2419 et
676 2372 863 2419 leones.
937 2371 1198 2418 Formosus
1223 2377 1330 2427 est3
1367 2378 1422 2419 et
1438 2389 1670 2435 pavones.

783 2554 806 2575 ⁸
831 2547 918 2602 Ep.
944 2547 1076 2592 lxxiv·

186 2616 280 2659 150
