1702 2918
461 157 610 205 THE
645 157 966 206 EPISTLES
1005 158 1096 206 OF
1130 158 1397 206 SENECA

133 266 164 311 3
182 267 318 312 inter
356 269 516 313 otium
551 272 607 314 et
641 266 965 314 conditivum.
1038 265 1222 326 “Quid
1258 266 1456 330 ergo?'’
1495 269 1673 329 inquis,

183 343 215 365 “
229 355 334 386 non
357 342 511 387 satius
536 346 614 387 est
637 340 718 387 vel
749 344 820 387 sic
843 344 1007 388 iacere
1030 357 1182 404 quam
1199 343 1252 388 in
1275 343 1383 388 istis
1407 340 1674 387 officiorum

184 413 452 460 verticibus
487 413 778 461 volutari?”
860 414 1086 478 Utraque
1121 430 1199 462 res
1234 413 1546 461 detestabilis
1582 419 1675 470 est,

183 491 237 532 et
261 491 537 534 contractio
562 493 616 534 et
639 494 821 550 torpor.
898 488 1042 546 Puto,
1066 504 1227 552 aeque
1251 492 1337 551 qui
1362 492 1413 534 in
1443 487 1694 535 odoribus.

181 562 328 619 iacet,
353 568 578 608 mortuus
603 568 682 608 est
705 578 854 625 quam
879 565 966 625 qui
989 565 1181 624 rapitur
1202 578 1346 609 unco.

268 633 445 681 Otium
502 638 610 682 sine
668 635 852 682 litteris
907 652 1039 682 mors
1086 641 1164 683 est
1215 642 1271 683 et
1315 635 1531 682 hominis
1577 637 1675 682 vivi

131 711 162 757 4
180 708 452 771 sepultura,
524 708 662 767 Quid
698 709 884 757 deinde
922 709 1129 772 prodest
1163 710 1458 757 secessisse?
1528 707 1675 755 Tam-

181 798 330 846 quam
376 799 478 829 non
530 788 667 830 trans
717 787 872 830 maria
922 799 1013 830 nos
1059 783 1452 831 sollicitudinum
1498 798 1674 830 causae

180 857 572 920 persequantur!
644 855 788 915 Quae
813 857 1006 904 latebra
1029 864 1123 916 est,
1141 861 1194 904 in
1219 874 1368 921 quam
1391 873 1495 904 non
1518 859 1675 904 intret

180 937 347 978 metus
394 933 604 978 mortis?
695 929 840 988 Quae
886 937 989 978 tam
1037 935 1263 979 emunita
1310 938 1364 979 et
1409 935 1462 978 in
1515 931 1674 978 altum

180 1003 427 1051 subducta
484 1007 618 1052 vitae
674 1009 832 1068 quies,
879 1021 1030 1069 quam
1086 1021 1187 1052 non
1245 1005 1388 1052 dolor
1437 1005 1674 1052 territet?

180 1076 510 1142 Quacumque
551 1085 606 1127 te
640 1079 909 1137 abdideris,
942 1079 1074 1126 mala
1108 1078 1327 1126 humana
1362 1082 1673 1126 circumstre—
1699 1101 1702 1120 ε

178 1159 318 1216 pent.
393 1153 559 1200 Multa
594 1159 736 1201 extra
770 1159 904 1212 sunt,
932 1169 1062 1217 quae
1097 1157 1410 1201 circumeunt
1443 1169 1551 1211 nos,
1575 1169 1674 1217 quo
1699 1165 1702 1192 ῑ

177 1226 298 1274 aut1
323 1226 502 1274 fallant
532 1233 620 1274 aut
651 1233 883 1290 urgeant,
907 1227 1068 1275 multa
1091 1231 1243 1286 intus,
1267 1244 1396 1291 quae
1426 1230 1480 1274 in
1507 1226 1675 1275 media
1699 1239 1702 1254 ⁴

177 1300 449 1349 solitudine
474 1308 785 1349 exaestuant.

126 1371 156 1417 5
264 1374 583 1438 Philosophia
598 1375 952 1422 circumdanda
967 1382 1061 1434 est,
1070 1375 1472 1438 inexpugnabilis
1487 1391 1673 1433 murus,
1694 1363 1699 1402 3

177 1465 328 1512 quem
353 1449 555 1496 fortuna
578 1449 749 1496 multis
772 1448 1016 1496 machinis
1040 1449 1327 1497 lacessitum
1351 1466 1453 1497 non
1476 1452 1669 1496 transit.

179 1523 238 1569 In
261 1523 586 1586 insuperabili
610 1523 720 1570 loco
743 1529 845 1571 stat
868 1527 1079 1581 animus,
1097 1527 1183 1587 qui
1202 1529 1410 1571 externa
1434 1523 1672 1580 deseruit,

176 1603 230 1645 et
248 1613 361 1644 arce
380 1613 434 1644 se
453 1613 541 1644 sua
559 1597 809 1654 vindicat;
843 1596 973 1644 infra
996 1597 1138 1644 illum
1162 1614 1312 1646 omne
1337 1597 1497 1645 telum
1521 1596 1668 1645 cadit.

1694 1436 1702 1528 Ιἒ

1696 1534 1702 1627 i

178 1671 293 1718 Non
317 1671 489 1729 habet,
504 1677 563 1718 ut
587 1677 834 1734 putamus,
856 1670 1058 1718 fortuna
1081 1671 1254 1736 longas
1272 1687 1478 1727 manus;
1513 1674 1671 1719 nemi·
1694 1682 1702 1695 “

126 1749 154 1795 6
175 1761 294 1792 nem
327 1751 540 1808 occupat
575 1748 669 1792 nisi
705 1745 1000 1793 haerentem
1035 1746 1142 1793 sibi.
1216 1745 1396 1809 Itaque
1426 1750 1668 1809 quantum

177 1835 452 1881 possumus,
470 1819 534 1866 ab
558 1819 644 1865 illa
666 1819 942 1866 resiliamus
964 1835 976 1876 ;
1011 1819 1146 1883 quod
1170 1819 1274 1867 sola
1298 1819 1573 1883 praestabit
1596 1821 1671 1866 sui

175 1899 488 1957 naturaeque
535 1893 797 1956 cogniti0.2
866 1891 1020 1951 Sciat,
1061 1910 1160 1958 quo
1205 1897 1365 1941 iturus
1412 1897 1493 1952 sit,
1533 1892 1670 1941 unde

174 1973 329 2025 ortus,
354 1967 489 2030 quod
523 1966 598 2013 illi
633 1967 838 2026 bonum,
863 1967 998 2030 quod
1031 1967 1218 2014 malum
1250 1971 1332 2026 sit,
1355 1967 1478 2031 quid
1509 1973 1669 2030 petat,

174 2040 297 2105 quid
338 2045 514 2099 evitet,
554 2057 683 2105 quae
721 2044 787 2088 sit
820 2041 907 2088 illa
940 2045 1085 2100 ratio,
1119 2058 1248 2105 quae
1282 2041 1572 2104 adpetenda
1610 2058 1669 2088 ac

462 2159 476 2185 ¹
505 2173 587 2214 quo
607 2165 685 2200 aut
703 2159 816 2200 later
835 2157 965 2202 MSS.
987 2175 1000 2207 ς
1025 2173 1135 2223 quae
1154 2165 1231 2201 aut
1250 2159 1377 2223 VPb:
1406 2213 1415 2223 .

334 2212 354 2240 ²
381 2213 563 2268 coquitio
582 2213 695 2255 later
715 2212 844 2256 MSS.
866 2230 878 2263 3
907 2214 1095 2255 condato
1116 2213 1220 2262 Vb;
1241 2214 1440 2256 conclamo
1458 2227 1502 2267 p.

239 2348 261 2368 ⁶
291 2340 566 2382 Conditivum
584 2340 726 2392 (more
746 2341 812 2382 fre
845 2340 999 2394 uently
1019 2340 1110 2382 and
1134 2340 1341 2395 properly
1362 2341 1668 2395 conditorium)

172 2395 210 2436 is
235 2407 264 2435 a
287 2396 402 2447 grim
426 2394 531 2448 jest.
591 2394 687 2436 The
714 2408 806 2436 wor
865 2397 902 2436 is
931 2395 1096 2449 mostly
1116 2395 1257 2437 found
1282 2397 1327 2436 in
1353 2409 1410 2436 an
1431 2395 1669 2449 adjectival

172 2461 303 2490 sense
322 2449 538 2502 applying
556 2452 605 2490 to
624 2448 755 2491 fruits
774 2448 865 2490 and
883 2451 1009 2502 grain
1028 2450 1173 2491 ποκά
1190 2449 1260 2491 for
1278 2449 1389 2491 later
1407 2463 1500 2491 use.

238 2504 255 2529 ὁ
283 2501 502 2556 Compare
548 2501 757 2544 Arnold's
806 2503 1295 2557 nineteenth-century
1341 2502 1572 2545 definition
1618 2502 1688 2555 ofss

171 2556 356 2599 culture.

173 2625 270 2669 242
