1702 2918
440 195 588 242 THE
621 193 942 243 EPISTLES
979 194 1069 242 OF
1104 193 1366 242 SENECA

109 308 137 355 6
157 302 307 349 modo
346 306 502 350 virtus
544 302 897 350 honestaverit.
987 301 1164 349 Multis
1201 302 1430 349 videmur
1466 304 1648 348 maiora

84 376 107 380 ’ξ
158 383 452 443 promittere
510 397 661 444 quam
718 383 897 443 recipit
952 378 1171 426 humana
1229 379 1485 433 condicio;
1550 394 1649 425 non

158 461 403 506 inmerito.
477 458 560 505 Ad
592 474 768 521 corpus
801 461 936 505 enim
959 461 1244 520 respiciunt.
1321 457 1650 504 Revertantur

159 535 223 582 ad
246 539 498 593 animum3
534 539 632 582 iam
651 535 906 583 hominem
931 535 1027 583 deo
1045 539 1333 583 metientur.
1407 534 1558 598 Erige
1582 540 1650 592 te,

162 612 324 660 Lucili
370 616 584 660 virorum
630 616 838 676 optime,
886 618 940 660 et
996 612 1223 676 relinque
1280 615 1433 659 istum
1478 611 1651 658 ludum

158 691 433 738 literarium
449 690 873 754 philosophorum,
889 693 974 754 qui
988 706 1095 737 rem
1111 690 1652 753 magnificentissimam

159 768 224 816 ad
271 769 483 832 syllabas
530 775 726 827 vocant,
773 772 858 832 qui
910 771 1132 815 animum
1182 771 1376 814 minuta
1428 766 1653 814 docendo

161 846 441 894 demittunt
487 853 541 894 et
587 852 886 903 conterunt3
937 845 1025 894 fies
1071 846 1242 893 similis
1288 845 1402 903 illis,
1449 848 1536 909 qui
1580 848 1654 891 in-

161 931 411 972 venerunt
441 927 552 982 ista,
576 941 679 971 non
711 927 797 987 qui
822 923 1008 971 docent
1039 929 1093 971 et
1122 923 1175 970 id
1206 929 1382 986 agunt,
1407 928 1464 970 ut
1495 922 1654 986 philo-

162 1001 336 1065 sophia
360 1006 526 1064 potius
550 1001 761 1049 difficilis
785 1017 935 1065 quam
959 1017 1142 1064 magna
1164 1000 1405 1047 videatur.

113 1085 142 1134 7
248 1079 476 1127 Socrates
523 1083 608 1144 qui
660 1085 820 1126 totam
872 1077 1238 1142 philosophiam
1284 1081 1535 1124 revocavit
1591 1076 1656 1124 ad

164 1173 326 1204 mores
359 1163 413 1204 et
444 1156 573 1203 hanc
609 1172 854 1203 summam
885 1155 1012 1203 dixit
1045 1172 1154 1204 esse
1186 1159 1499 1219 sapientiam,
1527 1155 1656 1202 bona

164 1234 393 1298 malaque
440 1234 767 1296 distinguere,
816 1233 1120 1297 “sequere,”
1170 1237 1350 1297 inquit,
1398 1238 1428 1260 “
1443 1233 1570 1291 illos,
1617 1235 1658 1279 si

163 1311 285 1375 quid
315 1311 450 1375 apud
481 1318 532 1358 te
567 1311 730 1359 habeo
761 1314 1089 1370 auctoritatis,
1113 1316 1172 1358 ut
1204 1314 1268 1357 sis
1300 1311 1494 1369 beatus,
1519 1316 1574 1358 et
1604 1316 1657 1357 te

163 1389 311 1436 alicui
372 1389 584 1436 stultum
631 1388 790 1436 videri
837 1392 958 1436 sine.
1067 1388 1306 1452 Quisquis
1353 1388 1505 1447 volet,
1565 1388 1658 1436 tibi

165 1467 522 1516 contumeliam
579 1466 731 1514 faciat
788 1472 842 1514 et
899 1469 1147 1525 iniuriam,
1194 1472 1251 1513 tu
1309 1472 1482 1514 tamen
1532 1465 1655 1512 nihil

163 1549 384 1611 patieris,
409 1549 450 1592 si
484 1545 635 1592 modo
669 1551 840 1592 tecum
877 1547 972 1592 erit
1004 1548 1173 1592 virtus.
1248 1544 1300 1592 Si
1331 1544 1451 1603 vis,”
1478 1547 1658 1608 inquit,

163 1629 196 1653 “
211 1625 389 1672 beatus
419 1639 544 1682 esse,
573 1625 614 1669 si
645 1621 744 1670 fide
771 1623 903 1669 bona
930 1625 1004 1669 vir
1030 1623 1206 1681 bonus,
1232 1625 1339 1670 sine
1368 1628 1659 1670 contemnat

164 1709 218 1750 te
253 1699 477 1765 aliquis.’'
566 1700 680 1747 Hoc
715 1716 866 1747 nemo
905 1701 1197 1763 praestabit,
1231 1703 1327 1746 nisi
1368 1703 1453 1764 qui
1494 1703 1659 1746 omnia

166 1781 298 1827 bona
330 1780 699 1841 exaequaverit,
723 1781 840 1841 quia
867 1793 962 1825 nec
994 1778 1182 1825 bonum
1206 1781 1314 1824 sine
1345 1777 1558 1825 honesto
1583 1784 1662 1825 est

116 1861 221 1909 Set
262 1857 532 1904 honestum
572 1859 626 1902 in
665 1856 896 1902 omnibus
936 1872 1025 1919 par
1065 1862 1156 1903 est.
1246 1861 1278 1883 “
1294 1854 1465 1915 Quid1
1506 1857 1661 1919 ergo?

166 1935 307 1982 Nihil
339 1938 552 1981 interest
585 1936 719 1980 inter
753 1940 1038 1996 praeturam
1063 1932 1265 1980 Catonis
1290 1939 1343 1981 et
1378 1933 1661 1997 repulsam?

170 2012 310 2060 Nihil
344 2015 574 2069 interest,
611 2017 779 2058 utrum
823 2010 1102 2058 Pharsalica
1135 2015 1242 2059 acie
1279 2011 1402 2058 Cato
1437 2015 1662 2059 vincatur

167 2109 232 2140 an
272 2091 477 2139 vincat?
551 2090 664 2136 Hoc
705 2093 811 2137 eius
853 2090 1058 2148 bonum,
1104 2105 1202 2153 quo
1249 2092 1392 2137 victis
1438 2091 1662 2152 partibus

236 2192 252 2218 ²
280 2191 438 2234 Hense
464 2192 589 2254 gives
618 2190 724 2245 quid
750 2204 850 2245 erqo
878 2221 889 2233 .
925 2223 935 2234 .
968 2221 980 2232 .
1013 2195 1282 2244 componeret
1303 2193 1489 2245 pacem?
1515 2193 1564 2232 to
1584 2190 1662 2232 the

170 2245 397 2301 supposed
415 2246 627 2299 obJector.

237 2369 257 2389 a
286 2359 386 2408 See,
427 2359 496 2402 for
540 2357 758 2413 example,
796 2359 875 2400 the
921 2358 1168 2413 syllogistic
1214 2358 1389 2412 display
1436 2358 1579 2400 which
1626 2361 1663 2400 is
1700 2351 1702 2414 ξ

174 2415 385 2457 ridiculed
407 2416 452 2455 in
475 2414 560 2468 Ep.
584 2413 718 2454 xlviii.
744 2416 781 2455 6.
1699 2415 1702 2461 l

241 2472 256 2495 ὓ
284 2470 373 2516 i.e.‚
396 2468 511 2510 from
532 2468 666 2520 being
685 2479 806 2508 mere
824 2466 1084 2521 word-play.
1698 2467 1702 2510 1

239 2533 255 2550 ⁰
284 2523 441 2564 Hense
482 2525 690 2575 suggests
726 2521 828 2563 that
864 2520 1035 2564 Seneca
1070 2534 1177 2574 may
1214 2521 1270 2562 be
1314 2520 1551 2575 rendering
1586 2519 1665 2562 the
1698 2523 1702 2585 J

175 2579 334 2632 phrase
353 2577 405 2618 of
419 2576 826 2628 Simonides—dvm>
848 2579 1005 2627 ἀληθῶς
1025 2578 1189 2627 ἀγαθός.
1697 2585 1702 2643 i

177 2642 239 2694 76
