<?xml version="1.0" encoding="UTF-8"?>
<!DOCTYPE html PUBLIC "-//W3C//DTD XHTML 1.0 Transitional//EN"
    "http://www.w3.org/TR/xhtml1/DTD/xhtml1-transitional.dtd">
<html xmlns="http://www.w3.org/1999/xhtml" xml:lang="en" lang="en">
 <head>
  <title>
</title>
<meta http-equiv="Content-Type" content="text/html;charset=utf-8" />
  <meta name='ocr-system' content='tesseract 3.04.00' />
  <meta name='ocr-capabilities' content='ocr_page ocr_carea ocr_par ocr_line ocrx_word'/>
</head>
<body>
  <div class='ocr_page' id='page_1' title='image "adluciliumepistu02seneuoft_0046.png"; bbox 0 0 1702 2918; ppageno 0'>
   <div class='ocr_carea' id='block_1_1' title="bbox 494 164 1423 213">
    <p class='ocr_par' dir='ltr' id='par_1_1' title="bbox 494 164 1423 213">
     <span class='ocr_line' id='line_1_1' title="bbox 494 164 1423 213; baseline 0.002 -3"><span class='ocrx_word' id='word_1_1' title='bbox 494 164 639 211; x_wconf 93' lang='lat' dir='ltr'><strong>THE</strong></span> <span class='ocrx_word' id='word_1_2' title='bbox 674 164 995 212; x_wconf 91' lang='lat' dir='ltr'>EPISTLES</span> <span class='ocrx_word' id='word_1_3' title='bbox 1031 164 1123 213; x_wconf 91' lang='lat' dir='ltr'><strong>OF</strong></span> <span class='ocrx_word' id='word_1_4' title='bbox 1157 164 1423 213; x_wconf 91' lang='lat' dir='ltr'>SENECA</span> 
     </span>
    </p>
   </div>
   <div class='ocr_carea' id='block_1_2' title="bbox 151 274 1702 2284">
    <p class='ocr_par' dir='ltr' id='par_1_2' title="bbox 159 274 1702 955">
     <span class='ocr_line' id='line_1_2' title="bbox 159 274 1697 339; baseline 0.001 -18"><span class='ocrx_word' id='word_1_5' title='bbox 159 275 188 321; x_wconf 86' lang='lat'>2</span> <span class='ocrx_word' id='word_1_6' title='bbox 208 274 375 319; x_wconf 90' lang='lat' dir='ltr'><strong>media</strong></span> <span class='ocrx_word' id='word_1_7' title='bbox 397 274 650 336; x_wconf 82' lang='lat' dir='ltr'><strong>regelatur</strong></span> <span class='ocrx_word' id='word_1_8' title='bbox 671 282 877 322; x_wconf 79' lang='lat' dir='ltr'><strong>aestate.</strong></span> <span class='ocrx_word' id='word_1_9' title='bbox 951 275 1130 339; x_wconf 88' lang='lat' dir='ltr'><strong>Itaque</strong></span> <span class='ocrx_word' id='word_1_10' title='bbox 1154 279 1310 322; x_wconf 89' lang='lat' dir='ltr'><strong>maior</strong></span> <span class='ocrx_word' id='word_1_11' title='bbox 1340 292 1451 338; x_wconf 89' lang='lat' dir='ltr'><strong>pars</strong></span> <span class='ocrx_word' id='word_1_12' title='bbox 1474 278 1527 322; x_wconf 91' lang='lat' dir='ltr'><strong>in</strong></span> <span class='ocrx_word' id='word_1_13' title='bbox 1549 279 1697 323; x_wconf 88' lang='lat' dir='ltr'><strong>vesti-</strong></span> 
     </span>
     <span class='ocr_line' id='line_1_3' title="bbox 208 351 1699 417; baseline 0.003 -20"><span class='ocrx_word' id='word_1_14' title='bbox 208 354 392 398; x_wconf 84' lang='lat' dir='ltr'><strong>mentis</strong></span> <span class='ocrx_word' id='word_1_15' title='bbox 440 351 653 414; x_wconf 83' lang='lat' dir='ltr'><strong>degitur.</strong></span> <span class='ocrx_word' id='word_1_16' title='bbox 736 352 849 416; x_wconf 90' lang='lat' dir='ltr'><strong>Ago</strong></span> <span class='ocrx_word' id='word_1_17' title='bbox 895 357 1079 416; x_wconf 78' lang='lat' dir='ltr'><strong>gratias</strong></span> <span class='ocrx_word' id='word_1_18' title='bbox 1125 358 1392 412; x_wconf 88' lang='lat' dir='ltr'><strong>senectuti,</strong></span> <span class='ocrx_word' id='word_1_19' title='bbox 1438 353 1568 417; x_wconf 91' lang='lat' dir='ltr'><strong>quod</strong></span> <span class='ocrx_word' id='word_1_20' title='bbox 1618 370 1699 402; x_wconf 87' lang='lat' dir='ltr'><strong>me</strong></span> 
     </span>
     <span class='ocr_line' id='line_1_4' title="bbox 208 423 1699 494; baseline 0.003 -21"><span class='ocrx_word' id='word_1_21' title='bbox 208 427 394 474; x_wconf 89' lang='lat' dir='ltr'><strong>lectulo</strong></span> <span class='ocrx_word' id='word_1_22' title='bbox 418 429 602 477; x_wconf 86' lang='lat' dir='ltr'><strong>adfixit.</strong></span> <span class='ocrx_word' id='word_1_23' title='bbox 673 429 863 489; x_wconf 83' lang='lat' dir='ltr'>Quidni</span> <span class='ocrx_word' id='word_1_24' title='bbox 882 435 1065 494; x_wconf 79' lang='lat' dir='ltr'><strong>gratias</strong></span> <span class='ocrx_word' id='word_1_25' title='bbox 1088 431 1160 478; x_wconf 94' lang='lat' dir='ltr'><strong>illi</strong></span> <span class='ocrx_word' id='word_1_26' title='bbox 1186 431 1280 478; x_wconf 89' lang='lat' dir='ltr'><strong>hoc</strong></span> <span class='ocrx_word' id='word_1_27' title='bbox 1297 435 1500 478; x_wconf 89' lang='lat' dir='ltr'><strong>nomine</strong></span> <span class='ocrx_word' id='word_1_28' title='bbox 1519 423 1699 494; x_wconf 82' lang='lat' dir='ltr'><strong>agam?</strong></span> 
     </span>
     <span class='ocr_line' id='line_1_5' title="bbox 207 505 1699 571; baseline 0.003 -20"><span class='ocrx_word' id='word_1_29' title='bbox 207 505 459 569; x_wconf 86' lang='lat' dir='ltr'><strong>Quicquid</strong></span> <span class='ocrx_word' id='word_1_30' title='bbox 485 507 732 554; x_wconf 90' lang='lat' dir='ltr'><strong>debebam</strong></span> <span class='ocrx_word' id='word_1_31' title='bbox 764 508 915 566; x_wconf 92' lang='lat' dir='ltr'><strong>nolle,</strong></span> <span class='ocrx_word' id='word_1_32' title='bbox 940 525 1042 555; x_wconf 92' lang='lat' dir='ltr'><strong>non</strong></span> <span class='ocrx_word' id='word_1_33' title='bbox 1073 525 1286 571; x_wconf 89' lang='lat' dir='ltr'><strong>possum.</strong></span> <span class='ocrx_word' id='word_1_34' title='bbox 1361 509 1485 556; x_wconf 90' lang='lat' dir='ltr'><strong>Cum</strong></span> <span class='ocrx_word' id='word_1_35' title='bbox 1516 508 1699 556; x_wconf 84' lang='lat' dir='ltr'><strong>libellis</strong></span> 
     </span>
     <span class='ocr_line' id='line_1_6' title="bbox 207 582 1702 650; baseline 0.003 -22"><span class='ocrx_word' id='word_1_36' title='bbox 207 582 328 628; x_wconf 84' lang='lat' dir='ltr'><strong>mihi</strong></span> <span class='ocrx_word' id='word_1_37' title='bbox 364 584 604 646; x_wconf 83' lang='lat' dir='ltr'><strong>plurimus</strong></span> <span class='ocrx_word' id='word_1_38' title='bbox 640 601 801 632; x_wconf 90' lang='lat' dir='ltr'><strong>sermo</strong></span> <span class='ocrx_word' id='word_1_39' title='bbox 837 592 926 633; x_wconf 90' lang='lat' dir='ltr'><strong>est.</strong></span> <span class='ocrx_word' id='word_1_40' title='bbox 999 585 1052 633; x_wconf 93' lang='lat' dir='ltr'><strong>Si</strong></span> <span class='ocrx_word' id='word_1_41' title='bbox 1083 586 1284 650; x_wconf 89' lang='lat' dir='ltr'><strong>quando</strong></span> <span class='ocrx_word' id='word_1_42' title='bbox 1317 590 1702 634; x_wconf 89' lang='lat' dir='ltr'><strong>intervenerunt</strong></span> 
     </span>
     <span class='ocr_line' id='line_1_7' title="bbox 207 661 1699 721; baseline 0.003 -15"><span class='ocrx_word' id='word_1_43' title='bbox 207 661 452 721; x_wconf 86' lang='lat' dir='ltr'><strong>epistulae</strong></span> <span class='ocrx_word' id='word_1_44' title='bbox 476 668 610 719; x_wconf 90' lang='lat' dir='ltr'><strong>tuae,</strong></span> <span class='ocrx_word' id='word_1_45' title='bbox 636 669 807 709; x_wconf 90' lang='lat' dir='ltr'><strong>tecum</strong></span> <span class='ocrx_word' id='word_1_46' title='bbox 832 679 939 710; x_wconf 91' lang='lat' dir='ltr'><strong>esse</strong></span> <span class='ocrx_word' id='word_1_47' title='bbox 971 663 1094 710; x_wconf 88' lang='lat' dir='ltr'><strong>mihi</strong></span> <span class='ocrx_word' id='word_1_48' title='bbox 1118 664 1290 711; x_wconf 90' lang='lat' dir='ltr'><strong>videor</strong></span> <span class='ocrx_word' id='word_1_49' title='bbox 1313 670 1367 711; x_wconf 92' lang='lat' dir='ltr'><strong>et</strong></span> <span class='ocrx_word' id='word_1_50' title='bbox 1398 667 1467 711; x_wconf 91' lang='lat' dir='ltr'><strong>sic</strong></span> <span class='ocrx_word' id='word_1_51' title='bbox 1499 663 1699 710; x_wconf 88' lang='lat' dir='ltr'><strong>adficior</strong></span> 
     </span>
     <span class='ocr_line' id='line_1_8' title="bbox 204 740 1692 803; baseline 0.002 -20"><span class='ocrx_word' id='word_1_52' title='bbox 204 740 382 799; x_wconf 90' lang='lat' dir='ltr'><strong>animo,</strong></span> <span class='ocrx_word' id='word_1_53' title='bbox 411 745 666 803; x_wconf 87' lang='lat' dir='ltr'><strong>tamquam</strong></span> <span class='ocrx_word' id='word_1_54' title='bbox 689 741 783 787; x_wconf 91' lang='lat' dir='ltr'><strong>tibi</strong></span> <span class='ocrx_word' id='word_1_55' title='bbox 808 757 909 787; x_wconf 92' lang='lat' dir='ltr'><strong>non</strong></span> <span class='ocrx_word' id='word_1_56' title='bbox 933 741 1215 799; x_wconf 86' lang='lat' dir='ltr'><strong>rescribam,</strong></span> <span class='ocrx_word' id='word_1_57' title='bbox 1240 740 1328 788; x_wconf 88' lang='lat' dir='ltr'><strong>sed</strong></span> <span class='ocrx_word' id='word_1_58' title='bbox 1352 741 1692 803; x_wconf 86' lang='lat' dir='ltr'><strong>respondeam.</strong></span> 
     </span>
     <span class='ocr_line' id='line_1_9' title="bbox 208 814 1695 881; baseline 0.003 -21"><span class='ocrx_word' id='word_1_59' title='bbox 208 814 385 878; x_wconf 90' lang='lat' dir='ltr'><strong>Itaque</strong></span> <span class='ocrx_word' id='word_1_60' title='bbox 404 822 458 863; x_wconf 90' lang='lat' dir='ltr'><strong>et</strong></span> <span class='ocrx_word' id='word_1_61' title='bbox 475 816 540 864; x_wconf 91' lang='lat' dir='ltr'><strong>de</strong></span> <span class='ocrx_word' id='word_1_62' title='bbox 560 817 671 875; x_wconf 90' lang='lat' dir='ltr'><strong>hoc,</strong></span> <span class='ocrx_word' id='word_1_63' title='bbox 689 817 823 880; x_wconf 93' lang='lat' dir='ltr'><strong>quod</strong></span> <span class='ocrx_word' id='word_1_64' title='bbox 842 820 1053 880; x_wconf 91' lang='lat' dir='ltr'><strong>quaeris,</strong></span> <span class='ocrx_word' id='word_1_65' title='bbox 1068 821 1208 881; x_wconf 92' lang='lat' dir='ltr'><strong>quasi</strong></span> <span class='ocrx_word' id='word_1_66' title='bbox 1226 817 1495 881; x_wconf 89' lang='lat' dir='ltr'><strong>conloquar</strong></span> <span class='ocrx_word' id='word_1_67' title='bbox 1511 824 1695 876; x_wconf 86' lang='lat' dir='ltr'><strong>tecum,</strong></span> 
     </span>
     <span class='ocr_line' id='line_1_10' title="bbox 203 893 944 955; baseline 0.004 -16"><span class='ocrx_word' id='word_1_68' title='bbox 203 893 350 955; x_wconf 91' lang='lat' dir='ltr'><strong>quale</strong></span> <span class='ocrx_word' id='word_1_69' title='bbox 374 899 456 953; x_wconf 91' lang='lat' dir='ltr'><strong>sit,</strong></span> <span class='ocrx_word' id='word_1_70' title='bbox 480 911 580 942; x_wconf 91' lang='lat' dir='ltr'><strong>una</strong></span> <span class='ocrx_word' id='word_1_71' title='bbox 603 896 944 943; x_wconf 86' lang='lat' dir='ltr'><strong>scrutabimur.</strong></span> 
     </span>
    </p>

    <p class='ocr_par' dir='ltr' id='par_1_3' title="bbox 153 970 1696 1425">
     <span class='ocr_line' id='line_1_11' title="bbox 153 970 1694 1036; baseline 0.001 -18"><span class='ocrx_word' id='word_1_72' title='bbox 153 971 183 1018; x_wconf 87' lang='lat'><strong>3</strong></span> <span class='ocrx_word' id='word_1_73' title='bbox 289 970 515 1030; x_wconf 85' lang='lat' dir='ltr'><strong>Quaeris,</strong></span> <span class='ocrx_word' id='word_1_74' title='bbox 534 990 598 1019; x_wconf 91' lang='lat' dir='ltr'><strong>an</strong></span> <span class='ocrx_word' id='word_1_75' title='bbox 622 990 771 1020; x_wconf 90' lang='lat' dir='ltr'><strong>omne</strong></span> <span class='ocrx_word' id='word_1_76' title='bbox 796 974 981 1020; x_wconf 91' lang='lat' dir='ltr'><strong>bonum</strong></span> <span class='ocrx_word' id='word_1_77' title='bbox 999 974 1222 1036; x_wconf 88' lang='lat' dir='ltr'><strong>optabile</strong></span> <span class='ocrx_word' id='word_1_78' title='bbox 1247 977 1324 1021; x_wconf 91' lang='lat' dir='ltr'><strong>sit.</strong></span> <span class='ocrx_word' id='word_1_79' title='bbox 1387 979 1418 1001; x_wconf 89' lang='lat'><strong><em>“</em></strong></span> <span class='ocrx_word' id='word_1_80' title='bbox 1434 973 1486 1021; x_wconf 92' lang='lat' dir='ltr'><strong>Si</strong></span> <span class='ocrx_word' id='word_1_81' title='bbox 1512 974 1694 1020; x_wconf 90' lang='lat' dir='ltr'><strong>bonum</strong></span> 
     </span>
     <span class='ocr_line' id='line_1_12' title="bbox 204 1049 1694 1114; baseline 0.002 -18"><span class='ocrx_word' id='word_1_82' title='bbox 204 1049 328 1107; x_wconf 89' lang='lat' dir='ltr'><strong>est‚”</strong></span> <span class='ocrx_word' id='word_1_83' title='bbox 350 1053 531 1114; x_wconf 90' lang='lat' dir='ltr'><strong>inquis,</strong></span> <span class='ocrx_word' id='word_1_84' title='bbox 556 1056 588 1078; x_wconf 87' lang='lat'><strong><em>“</em></strong></span> <span class='ocrx_word' id='word_1_85' title='bbox 603 1050 800 1098; x_wconf 87' lang='lat' dir='ltr'><strong>fortiter</strong></span> <span class='ocrx_word' id='word_1_86' title='bbox 823 1054 1045 1114; x_wconf 86' lang='lat' dir='ltr'><strong>torqueri</strong></span> <span class='ocrx_word' id='word_1_87' title='bbox 1070 1058 1125 1099; x_wconf 90' lang='lat' dir='ltr'><strong>et</strong></span> <span class='ocrx_word' id='word_1_88' title='bbox 1147 1068 1330 1114; x_wconf 88' lang='lat' dir='ltr'><strong>magno</strong></span> <span class='ocrx_word' id='word_1_89' title='bbox 1354 1055 1520 1098; x_wconf 90' lang='lat' dir='ltr'><strong>animo</strong></span> <span class='ocrx_word' id='word_1_90' title='bbox 1544 1055 1619 1098; x_wconf 93' lang='lat' dir='ltr'><strong>uri</strong></span> <span class='ocrx_word' id='word_1_91' title='bbox 1643 1058 1694 1099; x_wconf 84' lang='lat' dir='ltr'><strong>et</strong></span> 
     </span>
     <span class='ocr_line' id='line_1_13' title="bbox 202 1129 1692 1192; baseline 0.003 -19"><span class='ocrx_word' id='word_1_92' title='bbox 202 1131 456 1190; x_wconf 86' lang='lat' dir='ltr'><strong>patienter</strong></span> <span class='ocrx_word' id='word_1_93' title='bbox 488 1135 763 1192; x_wconf 87' lang='lat' dir='ltr'><strong>aegrotare,</strong></span> <span class='ocrx_word' id='word_1_94' title='bbox 799 1133 1040 1192; x_wconf 89' lang='lat' dir='ltr'><strong>sequitur,</strong></span> <span class='ocrx_word' id='word_1_95' title='bbox 1074 1135 1133 1177; x_wconf 91' lang='lat' dir='ltr'><strong>ut</strong></span> <span class='ocrx_word' id='word_1_96' title='bbox 1172 1132 1268 1176; x_wconf 88' lang='lat' dir='ltr'><strong>ista</strong></span> <span class='ocrx_word' id='word_1_97' title='bbox 1302 1129 1540 1192; x_wconf 88' lang='lat' dir='ltr'><strong>optabilia</strong></span> <span class='ocrx_word' id='word_1_98' title='bbox 1580 1133 1692 1177; x_wconf 88' lang='lat' dir='ltr'><strong>sint.</strong></span> 
     </span>
     <span class='ocr_line' id='line_1_14' title="bbox 205 1205 1694 1270; baseline 0.002 -20"><span class='ocrx_word' id='word_1_99' title='bbox 205 1205 343 1251; x_wconf 91' lang='lat' dir='ltr'><strong>Nihil</strong></span> <span class='ocrx_word' id='word_1_100' title='bbox 378 1212 549 1253; x_wconf 90' lang='lat' dir='ltr'><strong>autem</strong></span> <span class='ocrx_word' id='word_1_101' title='bbox 572 1206 719 1254; x_wconf 92' lang='lat' dir='ltr'><strong>video</strong></span> <span class='ocrx_word' id='word_1_102' title='bbox 751 1223 814 1254; x_wconf 88' lang='lat' dir='ltr'><strong>ex</strong></span> <span class='ocrx_word' id='word_1_103' title='bbox 845 1210 952 1253; x_wconf 91' lang='lat' dir='ltr'><strong>istis</strong></span> <span class='ocrx_word' id='word_1_104' title='bbox 984 1213 1101 1254; x_wconf 90' lang='lat' dir='ltr'><strong>voto</strong></span> <span class='ocrx_word' id='word_1_105' title='bbox 1132 1206 1356 1270; x_wconf 88' lang='lat' dir='ltr'><strong>dignum.</strong></span> <span class='ocrx_word' id='word_1_106' title='bbox 1429 1207 1694 1254; x_wconf 90' lang='lat' dir='ltr'><strong>Neminem</strong></span> 
     </span>
     <span class='ocr_line' id='line_1_15' title="bbox 203 1284 1696 1348; baseline 0.001 -17"><span class='ocrx_word' id='word_1_107' title='bbox 203 1290 340 1332; x_wconf 89' lang='lat' dir='ltr'><strong>certe</strong></span> <span class='ocrx_word' id='word_1_108' title='bbox 386 1284 551 1331; x_wconf 90' lang='lat' dir='ltr'><strong>adhuc</strong></span> <span class='ocrx_word' id='word_1_109' title='bbox 597 1288 698 1332; x_wconf 90' lang='lat' dir='ltr'><strong>scio</strong></span> <span class='ocrx_word' id='word_1_110' title='bbox 738 1301 798 1332; x_wconf 91' lang='lat' dir='ltr'><strong>eo</strong></span> <span class='ocrx_word' id='word_1_111' title='bbox 838 1287 1041 1332; x_wconf 90' lang='lat' dir='ltr'><strong>nomine</strong></span> <span class='ocrx_word' id='word_1_112' title='bbox 1082 1291 1255 1332; x_wconf 91' lang='lat' dir='ltr'><strong>votum</strong></span> <span class='ocrx_word' id='word_1_113' title='bbox 1302 1285 1520 1343; x_wconf 90' lang='lat' dir='ltr'><strong>solvisse,</strong></span> <span class='ocrx_word' id='word_1_114' title='bbox 1562 1285 1696 1348; x_wconf 91' lang='lat' dir='ltr'><strong>quod</strong></span> 
     </span>
     <span class='ocr_line' id='line_1_16' title="bbox 201 1362 1696 1425; baseline 0 -16"><span class='ocrx_word' id='word_1_115' title='bbox 201 1362 409 1425; x_wconf 88' lang='lat' dir='ltr'><strong>flagellis</strong></span> <span class='ocrx_word' id='word_1_116' title='bbox 434 1378 605 1410; x_wconf 89' lang='lat' dir='ltr'><strong>caesus</strong></span> <span class='ocrx_word' id='word_1_117' title='bbox 630 1369 763 1410; x_wconf 89' lang='lat' dir='ltr'><strong>esset</strong></span> <span class='ocrx_word' id='word_1_118' title='bbox 786 1368 874 1409; x_wconf 90' lang='lat' dir='ltr'><strong>aut</strong></span> <span class='ocrx_word' id='word_1_119' title='bbox 905 1362 1124 1425; x_wconf 89' lang='lat' dir='ltr'><strong>podagra</strong></span> <span class='ocrx_word' id='word_1_120' title='bbox 1148 1362 1387 1410; x_wconf 88' lang='lat' dir='ltr'><strong>distortus</strong></span> <span class='ocrx_word' id='word_1_121' title='bbox 1410 1368 1499 1410; x_wconf 91' lang='lat' dir='ltr'><strong>aut</strong></span> <span class='ocrx_word' id='word_1_122' title='bbox 1523 1362 1696 1410; x_wconf 89' lang='lat' dir='ltr'><strong>eculeo</strong></span> 
     </span>
    </p>

    <p class='ocr_par' dir='ltr' id='par_1_4' title="bbox 151 1439 1696 2284">
     <span class='ocr_line' id='line_1_17' title="bbox 151 1439 1696 1503; baseline 0.001 -16"><span class='ocrx_word' id='word_1_123' title='bbox 151 1446 181 1493; x_wconf 84' lang='lat'><strong>4</strong></span> <span class='ocrx_word' id='word_1_124' title='bbox 200 1440 396 1503; x_wconf 89' lang='lat' dir='ltr'><strong>longior</strong></span> <span class='ocrx_word' id='word_1_125' title='bbox 451 1439 659 1488; x_wconf 88' lang='lat' dir='ltr'><strong>factus.”</strong></span> <span class='ocrx_word' id='word_1_126' title='bbox 767 1441 1054 1503; x_wconf 90' lang='lat' dir='ltr'><strong>Distingue,</strong></span> <span class='ocrx_word' id='word_1_127' title='bbox 1111 1444 1181 1486; x_wconf 92' lang='lat' dir='ltr'><strong>mi</strong></span> <span class='ocrx_word' id='word_1_128' title='bbox 1240 1441 1417 1499; x_wconf 92' lang='lat' dir='ltr'><strong>Lucili,</strong></span> <span class='ocrx_word' id='word_1_129' title='bbox 1474 1444 1584 1498; x_wconf 87' lang='lat' dir='ltr'><strong>ista,</strong></span> <span class='ocrx_word' id='word_1_130' title='bbox 1643 1446 1696 1488; x_wconf 88' lang='lat' dir='ltr'><strong>et</strong></span> 
     </span>
     <span class='ocr_line' id='line_1_18' title="bbox 200 1518 1696 1581; baseline -0.001 -15"><span class='ocrx_word' id='word_1_131' title='bbox 200 1518 469 1581; x_wconf 87' lang='lat' dir='ltr'><strong>intelleges</strong></span> <span class='ocrx_word' id='word_1_132' title='bbox 505 1535 613 1566; x_wconf 90' lang='lat' dir='ltr'><strong>esse</strong></span> <span class='ocrx_word' id='word_1_133' title='bbox 647 1522 701 1565; x_wconf 94' lang='lat' dir='ltr'><strong>in</strong></span> <span class='ocrx_word' id='word_1_134' title='bbox 734 1521 793 1566; x_wconf 91' lang='lat' dir='ltr'><strong>iis</strong></span> <span class='ocrx_word' id='word_1_135' title='bbox 833 1518 1023 1581; x_wconf 90' lang='lat' dir='ltr'><strong>aliquid</strong></span> <span class='ocrx_word' id='word_1_136' title='bbox 1063 1518 1353 1580; x_wconf 88' lang='lat' dir='ltr'><strong>optandum.</strong></span> <span class='ocrx_word' id='word_1_137' title='bbox 1426 1518 1696 1566; x_wconf 90' lang='lat' dir='ltr'><strong>Tormenta</strong></span> 
     </span>
     <span class='ocr_line' id='line_1_19' title="bbox 201 1595 1696 1654; baseline 0 -10"><span class='ocrx_word' id='word_1_138' title='bbox 201 1597 375 1644; x_wconf 89' lang='lat' dir='ltr'><strong>abesse</strong></span> <span class='ocrx_word' id='word_1_139' title='bbox 398 1613 428 1642; x_wconf 90' lang='lat' dir='ltr'><strong>a</strong></span> <span class='ocrx_word' id='word_1_140' title='bbox 455 1613 536 1643; x_wconf 90' lang='lat' dir='ltr'><strong>me</strong></span> <span class='ocrx_word' id='word_1_141' title='bbox 563 1596 742 1653; x_wconf 91' lang='lat' dir='ltr'><strong>velim;</strong></span> <span class='ocrx_word' id='word_1_142' title='bbox 777 1595 867 1643; x_wconf 91' lang='lat' dir='ltr'><strong>sed</strong></span> <span class='ocrx_word' id='word_1_143' title='bbox 899 1599 940 1643; x_wconf 89' lang='lat' dir='ltr'><strong>si</strong></span> <span class='ocrx_word' id='word_1_144' title='bbox 971 1596 1265 1643; x_wconf 90' lang='lat' dir='ltr'><strong>sustinenda</strong></span> <span class='ocrx_word' id='word_1_145' title='bbox 1296 1596 1501 1654; x_wconf 87' lang='lat' dir='ltr'><strong>fuerint,</strong></span> <span class='ocrx_word' id='word_1_146' title='bbox 1526 1603 1584 1644; x_wconf 92' lang='lat' dir='ltr'><strong>ut</strong></span> <span class='ocrx_word' id='word_1_147' title='bbox 1614 1613 1696 1644; x_wconf 91' lang='lat' dir='ltr'><strong>me</strong></span> 
     </span>
     <span class='ocr_line' id='line_1_20' title="bbox 201 1673 1691 1737; baseline 0 -16"><span class='ocrx_word' id='word_1_148' title='bbox 201 1678 255 1721; x_wconf 91' lang='lat' dir='ltr'><strong>in</strong></span> <span class='ocrx_word' id='word_1_149' title='bbox 300 1673 398 1721; x_wconf 91' lang='lat' dir='ltr'><strong>illis</strong></span> <span class='ocrx_word' id='word_1_150' title='bbox 443 1673 657 1732; x_wconf 88' lang='lat' dir='ltr'><strong>fortiter,</strong></span> <span class='ocrx_word' id='word_1_151' title='bbox 711 1673 940 1733; x_wconf 90' lang='lat' dir='ltr'><strong>honeste,</strong></span> <span class='ocrx_word' id='word_1_152' title='bbox 986 1677 1208 1722; x_wconf 90' lang='lat' dir='ltr'><strong>animose</strong></span> <span class='ocrx_word' id='word_1_153' title='bbox 1260 1691 1448 1737; x_wconf 87' lang='lat' dir='ltr'><strong>geram,</strong></span> <span class='ocrx_word' id='word_1_154' title='bbox 1494 1675 1691 1737; x_wconf 90' lang='lat' dir='ltr'><strong>optabo.</strong></span> 
     </span>
     <span class='ocr_line' id='line_1_21' title="bbox 203 1751 1695 1815; baseline -0.001 -16"><span class='ocrx_word' id='word_1_155' title='bbox 203 1751 394 1811; x_wconf 81' lang='lat' dir='ltr'><strong>Quidni</strong></span> <span class='ocrx_word' id='word_1_156' title='bbox 440 1768 547 1815; x_wconf 62' lang='lat' dir='ltr'><strong>ego&gt;</strong></span> <span class='ocrx_word' id='word_1_157' title='bbox 580 1751 750 1798; x_wconf 91' lang='lat' dir='ltr'><strong>malim</strong></span> <span class='ocrx_word' id='word_1_158' title='bbox 796 1768 898 1798; x_wconf 89' lang='lat' dir='ltr'><strong>non</strong></span> <span class='ocrx_word' id='word_1_159' title='bbox 943 1751 1166 1799; x_wconf 89' lang='lat' dir='ltr'><strong>incidere</strong></span> <span class='ocrx_word' id='word_1_160' title='bbox 1214 1751 1438 1799; x_wconf 85' lang='lat' dir='ltr'><strong>bellum?</strong></span> <span class='ocrx_word' id='word_1_161' title='bbox 1507 1751 1608 1799; x_wconf 92' lang='lat' dir='ltr'><strong>Sed</strong></span> <span class='ocrx_word' id='word_1_162' title='bbox 1654 1755 1695 1799; x_wconf 92' lang='lat' dir='ltr'><strong>si</strong></span> 
     </span>
     <span class='ocr_line' id='line_1_22' title="bbox 198 1829 1694 1894; baseline -0.001 -17"><span class='ocrx_word' id='word_1_163' title='bbox 198 1830 449 1889; x_wconf 90' lang='lat' dir='ltr'><strong>inciderit,</strong></span> <span class='ocrx_word' id='word_1_164' title='bbox 464 1835 522 1877; x_wconf 89' lang='lat' dir='ltr'><strong>ut</strong></span> <span class='ocrx_word' id='word_1_165' title='bbox 536 1830 757 1887; x_wconf 90' lang='lat' dir='ltr'><strong>vulnera,</strong></span> <span class='ocrx_word' id='word_1_166' title='bbox 772 1835 831 1877; x_wconf 87' lang='lat' dir='ltr'><strong>ut</strong></span> <span class='ocrx_word' id='word_1_167' title='bbox 848 1829 1033 1877; x_wconf 90' lang='lat' dir='ltr'><strong>famem</strong></span> <span class='ocrx_word' id='word_1_168' title='bbox 1049 1836 1103 1877; x_wconf 90' lang='lat' dir='ltr'><strong>et</strong></span> <span class='ocrx_word' id='word_1_169' title='bbox 1117 1833 1299 1888; x_wconf 88' lang='lat' dir='ltr'><strong>omnia,</strong></span> <span class='ocrx_word' id='word_1_170' title='bbox 1308 1846 1435 1894; x_wconf 88' lang='lat' dir='ltr'><strong>quae</strong></span> <span class='ocrx_word' id='word_1_171' title='bbox 1451 1829 1694 1877; x_wconf 92' lang='lat' dir='ltr'><strong>bellorum</strong></span> 
     </span>
     <span class='ocr_line' id='line_1_23' title="bbox 199 1906 1694 1970; baseline -0.001 -15"><span class='ocrx_word' id='word_1_172' title='bbox 199 1911 469 1955; x_wconf 88' lang='lat' dir='ltr'><strong>necessitas</strong></span> <span class='ocrx_word' id='word_1_173' title='bbox 499 1906 679 1966; x_wconf 86' lang='lat' dir='ltr'><strong>adfert,</strong></span> <span class='ocrx_word' id='word_1_174' title='bbox 703 1923 946 1970; x_wconf 90' lang='lat' dir='ltr'><strong>generose</strong></span> <span class='ocrx_word' id='word_1_175' title='bbox 978 1907 1151 1966; x_wconf 87' lang='lat' dir='ltr'><strong>feram,</strong></span> <span class='ocrx_word' id='word_1_176' title='bbox 1176 1908 1372 1970; x_wconf 90' lang='lat' dir='ltr'><strong>optabo.</strong></span> <span class='ocrx_word' id='word_1_177' title='bbox 1447 1908 1562 1954; x_wconf 91' lang='lat' dir='ltr'><strong>Non</strong></span> <span class='ocrx_word' id='word_1_178' title='bbox 1585 1924 1694 1955; x_wconf 90' lang='lat' dir='ltr'><strong>sum</strong></span> 
     </span>
     <span class='ocr_line' id='line_1_24' title="bbox 198 1985 1694 2049; baseline -0.001 -16"><span class='ocrx_word' id='word_1_179' title='bbox 198 1992 303 2034; x_wconf 89' lang='lat' dir='ltr'><strong>tam</strong></span> <span class='ocrx_word' id='word_1_180' title='bbox 321 1985 545 2043; x_wconf 88' lang='lat' dir='ltr'><strong>demens,</strong></span> <span class='ocrx_word' id='word_1_181' title='bbox 561 1991 620 2032; x_wconf 90' lang='lat' dir='ltr'><strong>ut</strong></span> <span class='ocrx_word' id='word_1_182' title='bbox 637 1991 895 2048; x_wconf 88' lang='lat' dir='ltr'><strong>aegrotare</strong></span> <span class='ocrx_word' id='word_1_183' title='bbox 914 1989 1135 2048; x_wconf 83' lang='lat' dir='ltr'><strong>cupiam3</strong></span> <span class='ocrx_word' id='word_1_184' title='bbox 1166 1986 1255 2033; x_wconf 93' lang='lat' dir='ltr'><strong>sed</strong></span> <span class='ocrx_word' id='word_1_185' title='bbox 1275 1989 1315 2032; x_wconf 94' lang='lat' dir='ltr'><strong>si</strong></span> <span class='ocrx_word' id='word_1_186' title='bbox 1333 1985 1694 2049; x_wconf 85' lang='lat' dir='ltr'><strong>aegrotandum</strong></span> 
     </span>
     <span class='ocr_line' id='line_1_25' title="bbox 199 2063 1693 2125; baseline -0.001 -14"><span class='ocrx_word' id='word_1_187' title='bbox 199 2063 369 2122; x_wconf 88' lang='lat' dir='ltr'><strong>fuerit,</strong></span> <span class='ocrx_word' id='word_1_188' title='bbox 387 2069 444 2110; x_wconf 91' lang='lat' dir='ltr'><strong>ut</strong></span> <span class='ocrx_word' id='word_1_189' title='bbox 462 2063 588 2110; x_wconf 91' lang='lat' dir='ltr'><strong>nihil</strong></span> <span class='ocrx_word' id='word_1_190' title='bbox 612 2066 1024 2125; x_wconf 85' lang='lat' dir='ltr'><strong>intemperanter,</strong></span> <span class='ocrx_word' id='word_1_191' title='bbox 1043 2063 1166 2110; x_wconf 92' lang='lat' dir='ltr'><strong>nihil</strong></span> <span class='ocrx_word' id='word_1_192' title='bbox 1194 2063 1480 2111; x_wconf 89' lang='lat' dir='ltr'><strong>effeminate</strong></span> <span class='ocrx_word' id='word_1_193' title='bbox 1499 2063 1693 2122; x_wconf 86' lang='lat' dir='ltr'><strong>faciam,</strong></span> 
     </span>
     <span class='ocr_line' id='line_1_26' title="bbox 198 2140 1694 2205; baseline 0 -17"><span class='ocrx_word' id='word_1_194' title='bbox 198 2142 395 2205; x_wconf 91' lang='lat' dir='ltr'><strong>optabo.</strong></span> <span class='ocrx_word' id='word_1_195' title='bbox 459 2141 538 2188; x_wconf 86' lang='lat' dir='ltr'><strong>Ita</strong></span> <span class='ocrx_word' id='word_1_196' title='bbox 555 2157 657 2187; x_wconf 91' lang='lat' dir='ltr'><strong>non</strong></span> <span class='ocrx_word' id='word_1_197' title='bbox 674 2140 989 2187; x_wconf 90' lang='lat' dir='ltr'><strong>incommoda</strong></span> <span class='ocrx_word' id='word_1_198' title='bbox 1006 2140 1244 2204; x_wconf 87' lang='lat' dir='ltr'><strong>optabilia</strong></span> <span class='ocrx_word' id='word_1_199' title='bbox 1262 2147 1395 2199; x_wconf 90' lang='lat' dir='ltr'><strong>sunt,</strong></span> <span class='ocrx_word' id='word_1_200' title='bbox 1414 2141 1504 2188; x_wconf 89' lang='lat' dir='ltr'><strong>sed</strong></span> <span class='ocrx_word' id='word_1_201' title='bbox 1523 2144 1694 2200; x_wconf 91' lang='lat' dir='ltr'><strong>virtus,</strong></span> 
     </span>
     <span class='ocr_line' id='line_1_27' title="bbox 198 2218 991 2284; baseline -0.003 -18"><span class='ocrx_word' id='word_1_202' title='bbox 198 2236 297 2284; x_wconf 91' lang='lat' dir='ltr'><strong>qua</strong></span> <span class='ocrx_word' id='word_1_203' title='bbox 320 2218 642 2282; x_wconf 87' lang='lat' dir='ltr'><strong>perferuntur</strong></span> <span class='ocrx_word' id='word_1_204' title='bbox 663 2218 991 2265; x_wconf 90' lang='lat' dir='ltr'><strong>incommoda.</strong></span> 
     </span>
    </p>
   </div>
   <div class='ocr_carea' id='block_1_3' title="bbox 199 2336 1690 2597">
    <p class='ocr_par' dir='ltr' id='par_1_5' title="bbox 199 2336 1690 2540">
     <span class='ocr_line' id='line_1_28' title="bbox 265 2336 1688 2390; baseline -0.001 -10"><span class='ocrx_word' id='word_1_205' title='bbox 265 2346 286 2366; x_wconf 78' lang='lat'><strong>‘¹</strong></span> <span class='ocrx_word' id='word_1_206' title='bbox 314 2337 486 2380; x_wconf 84' lang='lat' dir='ltr'><strong>Seneca</strong></span> <span class='ocrx_word' id='word_1_207' title='bbox 511 2336 603 2378; x_wconf 89' lang='lat' dir='ltr'><strong>had</strong></span> <span class='ocrx_word' id='word_1_208' title='bbox 629 2350 658 2377; x_wconf 88' lang='lat' dir='ltr'><strong>a</strong></span> <span class='ocrx_word' id='word_1_209' title='bbox 685 2336 874 2378; x_wconf 89' lang='lat' dir='ltr'><strong>delicate</strong></span> <span class='ocrx_word' id='word_1_210' title='bbox 901 2338 1192 2379; x_wconf 84' lang='lat' dir='ltr'><strong>constitution</strong></span> <span class='ocrx_word' id='word_1_211' title='bbox 1223 2337 1316 2388; x_wconf 90' lang='lat' dir='ltr'><strong>(see</strong></span> <span class='ocrx_word' id='word_1_212' title='bbox 1347 2336 1688 2390; x_wconf 85' lang='lat' dir='ltr'><strong>Introduction).</strong></span> 
     </span>
     <span class='ocr_line' id='line_1_29' title="bbox 201 2390 1690 2445; baseline -0.001 -11"><span class='ocrx_word' id='word_1_213' title='bbox 201 2393 254 2434; x_wconf 93' lang='lat' dir='ltr'><strong>In</strong></span> <span class='ocrx_word' id='word_1_214' title='bbox 287 2392 366 2433; x_wconf 87' lang='lat' dir='ltr'><strong>the</strong></span> <span class='ocrx_word' id='word_1_215' title='bbox 395 2391 572 2433; x_wconf 89' lang='lat' dir='ltr'><strong>Letters</strong></span> <span class='ocrx_word' id='word_1_216' title='bbox 605 2390 662 2432; x_wconf 90' lang='lat' dir='ltr'><strong>he</strong></span> <span class='ocrx_word' id='word_1_217' title='bbox 690 2403 711 2431; x_wconf 92' lang='lat' dir='ltr'><strong>s</strong></span> <span class='ocrx_word' id='word_1_218' title='bbox 745 2390 853 2432; x_wconf 87' lang='lat' dir='ltr'><strong>eaks</strong></span> <span class='ocrx_word' id='word_1_219' title='bbox 882 2391 934 2432; x_wconf 90' lang='lat' dir='ltr'><strong>of</strong></span> <span class='ocrx_word' id='word_1_220' title='bbox 963 2391 1176 2445; x_wconf 84' lang='lat' dir='ltr'><strong>suffering</strong></span> <span class='ocrx_word' id='word_1_221' title='bbox 1208 2391 1323 2432; x_wconf 87' lang='lat' dir='ltr'><strong>from</strong></span> <span class='ocrx_word' id='word_1_222' title='bbox 1355 2390 1534 2432; x_wconf 87' lang='lat' dir='ltr'><strong>asthma</strong></span> <span class='ocrx_word' id='word_1_223' title='bbox 1561 2390 1690 2445; x_wconf 89' lang='lat' dir='ltr'><strong>(liv.)‚</strong></span> 
     </span>
     <span class='ocr_line' id='line_1_30' title="bbox 199 2445 1024 2540; baseline -0.004 -51"><span class='ocrx_word' id='word_1_224' title='bbox 199 2445 376 2489; x_wconf 80' lang='lat' dir='ltr'><strong>eatan-h</strong></span> <span class='ocrx_word' id='word_1_225' title='bbox 397 2445 616 2540; x_wconf 47' lang='lat' dir='ltr'><strong>5123(va</strong></span> <span class='ocrx_word' id='word_1_226' title='bbox 637 2458 694 2485; x_wconf 92' lang='lat' dir='ltr'><strong>an</strong></span> <span class='ocrx_word' id='word_1_227' title='bbox 746 2445 869 2486; x_wconf 85' lang='lat' dir='ltr'><strong>fever</strong></span> <span class='ocrx_word' id='word_1_228' title='bbox 888 2445 1024 2498; x_wconf 88' lang='lat' dir='ltr'><strong>(civ.).</strong></span> 
     </span>
    </p>

    <p class='ocr_par' dir='ltr' id='par_1_6' title="bbox 199 2498 1690 2597">
     <span class='ocr_line' id='line_1_31' title="bbox 265 2498 1690 2553; baseline -0.002 -11"><span class='ocrx_word' id='word_1_229' title='bbox 265 2503 282 2527; x_wconf 76' lang='lat'><strong>¹³</strong></span> <span class='ocrx_word' id='word_1_230' title='bbox 310 2499 379 2543; x_wconf 89' lang='lat' dir='ltr'><strong>Cf.</strong></span> <span class='ocrx_word' id='word_1_231' title='bbox 479 2512 519 2541; x_wconf 77' lang='lat' dir='ltr'><strong>V.</strong></span> <span class='ocrx_word' id='word_1_232' title='bbox 545 2502 566 2541; x_wconf 96' lang='lat'>1</span> <span class='ocrx_word' id='word_1_233' title='bbox 591 2499 733 2553; x_wconf 70' lang='lat' dir='ltr'><strong>qualis</strong></span> <span class='ocrx_word' id='word_1_234' title='bbox 754 2512 891 2541; x_wconf 68' lang='lat' dir='ltr'><strong>sermo</strong></span> <span class='ocrx_word' id='word_1_235' title='bbox 913 2512 1031 2541; x_wconf 75' lang='lat' dir='ltr'><strong>mem</strong></span> <span class='ocrx_word' id='word_1_236' title='bbox 1053 2503 1169 2546; x_wconf 69' lang='lat' dir='ltr'><strong>esset,</strong></span> <span class='ocrx_word' id='word_1_237' title='bbox 1189 2498 1229 2539; x_wconf 71' lang='lat' dir='ltr'><strong>si</strong></span> <span class='ocrx_word' id='word_1_238' title='bbox 1245 2512 1336 2539; x_wconf 84' lang='lat' dir='ltr'><strong>wna</strong></span> <span class='ocrx_word' id='word_1_239' title='bbox 1358 2499 1595 2540; x_wconf 71' lang='lat' dir='ltr'><strong>sederemus</strong></span> <span class='ocrx_word' id='word_1_240' title='bbox 1613 2503 1690 2539; x_wconf 77' lang='lat' dir='ltr'><strong>aut</strong></span> 
     </span>
     <span class='ocr_line' id='line_1_32' title="bbox 199 2554 530 2597; baseline -0.006 0"><span class='ocrx_word' id='word_1_241' title='bbox 199 2554 530 2597; x_wconf 70' lang='lat' dir='ltr'><strong>aanbularemue.</strong></span> 
     </span>
    </p>
   </div>
   <div class='ocr_carea' id='block_1_4' title="bbox 201 2616 266 2668">
    <p class='ocr_par' dir='ltr' id='par_1_7' title="bbox 201 2616 266 2668">
     <span class='ocr_line' id='line_1_33' title="bbox 201 2616 266 2668; baseline 0.015 -1"><span class='ocrx_word' id='word_1_242' title='bbox 201 2616 266 2668; x_wconf 83' lang='grc'><strong>36</strong></span> 
     </span>
    </p>
   </div>
  </div>
 </body>
</html>
