1702 2918
454 140 602 186 THE
637 139 958 188 EPISTLES
995 140 1084 188 OF
1120 139 1383 188 SENECA

171 255 373 313 tempus
409 254 528 298 satis
560 267 800 313 magnum
832 257 926 309 est,
952 254 1105 298 etiam
1129 254 1170 299 si
1201 268 1231 298 a
1262 254 1476 314 pueritia
1508 266 1664 313 usque

85 323 92 325 ξ
170 331 235 378 ad
259 331 571 395 longissimos
595 332 800 379 humani
824 335 935 380 aevi
962 336 1202 381 terminos
1226 336 1329 379 vita
1360 332 1661 395 producitur.

174 412 289 459 Non
320 413 538 460 multum
569 413 742 472 refert,
767 420 938 461 utrum
969 418 1172 462 omittas
1204 413 1569 477 philosophiam
1600 430 1663 460 an

171 498 476 542 intermittas
496 510 509 552 ;
544 511 646 542 non
671 498 807 542 enim
830 496 916 542 ubi
939 498 1223 558 interrupta
1246 501 1340 553 est,
1363 500 1552 552 manet,
1576 493 1664 541 sed

171 591 343 622 eorum
373 593 528 635 more,
553 593 682 640 quae
713 581 914 624 intenta
944 576 1213 636 dissiliunt,
1236 593 1395 640 usque
1426 575 1491 623 ad
1522 578 1666 622 initia

170 673 259 704 sua
293 662 519 717 recurrit,
543 658 678 722 quod
713 675 743 705 a
773 662 1152 706 continuatione
1186 658 1428 705 discessit.
1504 656 1666 704 Resis-

168 739 382 786 tendum
407 746 486 788 est
509 740 934 804 occupationibus,
951 756 1048 788 nec
1071 739 1414 803 explicandae,
1438 737 1527 786 sed
1551 738 1665 785 sub-

168 820 446 867 movendae
471 827 602 868 sunt.
676 821 896 884 Tempus
923 820 1130 885 quidem
1161 820 1356 868 nullum
1387 836 1562 884 parum
1587 825 1666 866 est

167 899 407 948 idoneum
442 902 609 949 studio
643 902 877 959 salutari3
917 905 1058 966 atqui
1093 902 1240 949 multi
1275 906 1410 949 inter
1442 901 1529 948 illa
1562 916 1665 947 non

116 988 146 1034 4
168 982 394 1041 student,
440 990 646 1046 propter
695 1000 825 1047 quae
871 983 1180 1031 studendum
1227 989 1317 1031 est.
1413 987 1445 1009 “
1464 981 1665 1030 Incidet

165 1063 372 1127 aliquid,
406 1065 541 1128 quod
583 1065 857 1128 inpediat.”
949 1065 1063 1112 Non
1103 1064 1309 1129 quidem
1350 1080 1483 1123 eum,
1525 1067 1664 1111 cuius
1701 1082 1702 1085 ¹

166 1149 360 1192 animus
407 1149 459 1192 in
505 1150 640 1193 omni
687 1150 894 1211 negotio
938 1145 1102 1194 laetus
1147 1152 1301 1210 atque
1347 1145 1511 1192 alacer
1557 1152 1663 1201 est;

164 1226 456 1290 inperfectis
474 1228 639 1275 adhuc
658 1227 1039 1276 interscinditur
1056 1228 1267 1286 laetitia,
1287 1230 1527 1290 sapientis
1546 1243 1662 1274 vero
1700 1252 1702 1270 ι

165 1313 452 1357 contexitur
504 1310 760 1373 gaudium,
811 1309 953 1357 nulla
1006 1326 1154 1357 causa
1206 1312 1470 1372 rumpitur,
1524 1308 1660 1356 nulla
1700 1317 1702 1366 4

164 1389 380 1449 fortuna,
422 1407 622 1454 semper
661 1398 716 1439 et
760 1393 948 1455 ubique
995 1390 1294 1455 tranquillus
1310 1391 1325 1420 ¹
1369 1397 1458 1438 est.
1548 1390 1662 1437 Non
1699 1387 1702 1446 1

164 1475 299 1519 enim
348 1488 411 1520 ex
456 1472 619 1519 alieno
665 1473 859 1536 pendet
905 1489 1001 1521 nec
1041 1471 1261 1519 favorem
1303 1471 1534 1519 fortunae
1573 1478 1662 1520 aut
1700 1474 1702 1509 ῑ

164 1552 379 1601 hominis
399 1561 649 1618 expectat.
725 1555 1014 1601 Domestica
1031 1554 1106 1601 illi
1123 1553 1336 1601 felicitas
1356 1559 1463 1610 est3
1500 1556 1660 1601 exiret
1699 1513 1702 1625 ξ

111 1640 142 1688 5
164 1651 225 1682 ex
260 1639 443 1694 animo,
479 1640 519 1683 si
554 1639 797 1693 intraret3
838 1637 907 1684 ibi
943 1640 1176 1683 nascitur.
1251 1634 1537 1699 Aliquando
1575 1651 1659 1683 ex·
1699 1659 1702 1691 ε

160 1720 424 1775 trinsecus,
465 1733 565 1781 quo
610 1717 942 1765 admoneatur
986 1716 1321 1774 mortalitatis,
1368 1719 1659 1776 intervenit,
1698 1712 1702 1758 Ᾰ

161 1798 251 1846 sed
275 1799 327 1846 id
352 1799 463 1847 leve
482 1806 536 1847 et
554 1799 687 1863 quod
708 1815 952 1847 summam
971 1805 1141 1846 cutem
1159 1802 1384 1862 stringat.
1458 1797 1658 1862 Aliquo,
1698 1786 1702 1825 ¹

161 1883 383 1944 inquam,
407 1880 723 1928 incommodo
755 1880 996 1937 adflatur3
1031 1883 1302 1927 maximum
1333 1885 1504 1926 autem
1534 1879 1657 1926 illud
1698 1863 1702 1959 ἰ

161 1962 347 2009 bonum
373 1968 450 2009 est
474 1962 639 2009 fixum.
715 1962 794 2009 Ita
825 1962 966 2009 dico:
1004 1965 1313 2009 extrinsecus
1343 1960 1509 2025 aliqua
1541 1967 1658 2008 sunt
1697 1988 1702 2024 1

159 2043 491 2102 incommoda,
549 2043 691 2091 velut
754 2047 807 2090 in
872 2059 1076 2106 corpore
1141 2042 1394 2090 interdum
1454 2043 1657 2090 robusto
1696 2047 1702 2094 Ι

160 2124 419 2189 solidoque
438 2129 726 2187 eruptiones
744 2125 990 2188 quaedam
1008 2124 1296 2188 pusularum
1315 2131 1369 2172 et
1388 2123 1655 2183 ulcuscula,
1697 2132 1702 2161 ¹

109 2215 137 2261 6
159 2206 354 2252 nullum
393 2209 447 2252 in
481 2205 585 2253 alto
619 2206 807 2252 malum
848 2212 939 2253 est.
1015 2206 1144 2264 Hoc,
1185 2209 1406 2268 inquam,
1443 2209 1655 2252 interest
1694 2181 1702 2249 l

416 2310 430 2336 ¹
461 2310 725 2364 tranquillus
743 2309 928 2360 Haase;
956 2310 1244 2364 tranquillum
1264 2307 1393 2351 MSS.
1693 2248 1702 2362 Ξ

223 2446 245 2466 ⁰
276 2438 343 2493 Of.
368 2439 456 2493 Ep.
480 2438 568 2481 xlv,
593 2442 617 2479 9
646 2439 908 2493 intrepidus,
930 2452 1054 2494 quom
1080 2438 1231 2493 aliqua
1257 2438 1322 2480 vis
1348 2443 1499 2486 movet,
1525 2438 1651 2481 nulla
1692 2431 1695 2450 ¹

153 2494 399 2547 perturbat,
430 2506 554 2547 quem
570 2493 765 2546 fortuna
799 2526 808 2535 .
847 2526 857 2535 .
899 2524 908 2534 .
944 2492 1116 2547 punqit,
1145 2506 1236 2534 non
1261 2492 1477 2540 vulnerat,
1507 2497 1547 2534 et
1575 2493 1650 2534 hoc

156 2561 278 2589 raro.

157 2618 221 2668 98
