1702 2918
431 178 578 226 THE
613 177 933 227 EPISTLES
969 179 1060 227 OF
1094 179 1360 227 SENECA

154 290 361 349 eripias3
418 287 639 350 alioquin
684 287 916 346 aderunt,
956 292 1042 351 qui
1088 288 1153 335 de
1194 287 1327 336 sacto
1373 295 1461 335 tuo
1506 288 1636 335 male

92 384 102 387 -
156 357 460 401 existiment.

75 424 132 470 14
239 421 471 468 Invenies
528 425 678 468 etiam
737 421 981 484 professos
1038 426 1349 485 sapientiam,
1396 426 1482 485 qui
1538 425 1634 468 vim

151 487 476 535 adferendam
522 492 655 535 vitae
701 504 818 535 suae
864 495 1057 551 negent
1113 495 1167 537 et
1222 489 1362 537 nefas
1413 489 1635 537 iudicent

151 558 312 617 ipsum
359 559 773 618 interemptorem
814 559 890 603 sui
930 556 1068 612 fieri3
1119 556 1488 619 expectandum
1530 572 1636 603 esse

153 622 380 680 exitum)
400 638 551 685 quern
582 629 760 669 natura
791 622 1027 670 decrevit.
1101 623 1216 670 Hoc
1250 627 1334 687 qui
1370 623 1510 681 dicit,
1537 640 1636 670 non

152 689 291 736 videt
322 705 375 736 se
406 689 651 737 libertatis
676 693 806 737 viam
830 690 1045 738 cludere.
1122 691 1204 737 Nil
1234 691 1411 738 melius
1434 697 1638 738 aeterna

151 756 234 803 lex
259 756 396 814 fecit,
420 773 567 819 quam
602 757 736 820 quod
765 774 919 804 unum
947 761 1208 805 introitum
1232 759 1374 805 nobis
1397 757 1462 804 ad
1485 761 1638 804 vitam

71 821 128 868 15
150 823 310 880 dedit,
362 827 525 871 exitus
579 825 777 871 multos.
873 825 982 888 Ego
1034 831 1298 888 expectem
1349 825 1429 872 vel
1480 825 1639 871 morbi

150 891 502 938 crudelitatem
548 891 628 939 vel
675 891 906 949 hominis,
952 908 1065 938 cum
1112 896 1295 954 possim
1341 909 1431 955 per
1475 892 1640 939 media

151 962 286 1006 exire
305 964 556 1005 tormenta
573 965 628 1006 et
647 958 854 1006 adversa
876 959 1163 1007 discutere?
1233 959 1348 1007 Hoc
1365 966 1444 1007 est
1467 976 1639 1018 unum,

151 1042 238 1071 cur
271 1025 336 1072 de
379 1029 480 1073 vita
516 1042 618 1072 non
654 1026 932 1088 possimus2
965 1030 1134 1090 queri:
1183 1031 1438 1074 neminem
1478 1033 1636 1074 tenet.

154 1093 291 1139 Bono
327 1092 437 1139 loco
473 1109 552 1140 res
589 1093 836 1141 humanae
873 1100 1007 1152 sunt,
1040 1094 1174 1158 quod
1209 1110 1358 1141 nemo
1394 1098 1489 1141 nisi
1519 1098 1639 1142 vitio

151 1176 239 1207 suo
270 1163 419 1207 miser
451 1167 539 1207 est.
616 1160 816 1218 Placet;
852 1164 974 1208 vive,
1051 1162 1163 1208 Non
1195 1161 1393 1224 placet;
1428 1161 1548 1210 licet
1580 1178 1640 1210 eo

68 1223 128 1271 16
149 1231 349 1286 reverti,
385 1227 520 1275 unde
563 1231 754 1277 venisti.
848 1229 920 1277 Ut
960 1228 1181 1276 dolorem
1218 1232 1394 1292 capitis
1434 1228 1640 1288 levares,

150 1298 445 1358 sanguinem
481 1312 630 1358 saepe
664 1299 854 1343 misisti.
929 1295 1011 1343 Ad
1052 1296 1428 1343 extenuandum
1463 1313 1640 1359 corpus

150 1378 278 1410 vena
300 1365 590 1425 percutitur.
665 1363 779 1409 Non
794 1379 917 1425 opus
933 1369 1011 1410 est
1028 1370 1168 1411 vasto
1186 1364 1392 1411 vulnere
1417 1363 1639 1411 dividere

149 1429 465 1492 praecordia;
500 1429 736 1492 scalpello
758 1433 981 1493 aperitur
994 1430 1058 1477 ad
1083 1430 1219 1477 illam
1236 1447 1470 1494 magnam
1491 1431 1639 1478 liber-

148 1503 307 1544 tatem
334 1500 412 1543 via
435 1503 490 1544 et
514 1504 701 1559 puncto
726 1501 963 1545 securitas
987 1504 1196 1545 constat.

236 1563 372 1622 Quid
404 1580 524 1627 ergo
557 1570 650 1622 est,
675 1565 809 1628 quod
843 1581 933 1612 nos
965 1564 1086 1612 facit
1118 1568 1284 1628 pigros
1315 1567 1639 1629 inertesque?

150 1631 314 1679 Nemo
342 1638 568 1678 nostrum
600 1636 790 1695 cogitat
821 1632 1120 1696 quandoque
1145 1633 1238 1679 sibi
1269 1648 1333 1680 ex
1364 1632 1458 1680 hoc
1482 1633 1639 1680 domi-

151 1699 264 1746 cilio
305 1699 622 1755 exeundum;
671 1703 740 1746 sic
778 1706 974 1747 veteres
1015 1699 1284 1763 inquilinos
1323 1699 1640 1763 indulgentia

72 1766 127 1813 17
150 1766 246 1813 loci
271 1772 324 1813 et
356 1766 666 1814 consuetudo
685 1770 838 1814 etiam
870 1771 1003 1815 inter
1034 1771 1236 1814 iniurias
1268 1766 1479 1815 detinet.
1554 1768 1640 1815 Vis

148 1834 383 1881 adversus
424 1833 518 1880 hoc
554 1850 730 1897 corpus
766 1835 892 1882 liber
926 1836 1070 1882 esse?
1151 1834 1426 1898 Tamquam
1460 1839 1639 1899 migra-

150 1907 290 1948 turus
331 1900 513 1948 habita.
590 1901 816 1964 Propone
856 1902 950 1949 tibi
990 1902 1289 1965 quandoque
1330 1901 1425 1950 hoc
1465 1909 1639 1950 contu-

151 1969 326 2015 bernio
384 1968 684 2023 carendum;
758 1968 932 2016 fortior
999 1973 1094 2016 eris
1157 1969 1222 2016 ad
1285 1973 1638 2018 necessitatem

152 2036 381 2083 exeundi.
456 2035 557 2083 Sed
603 2036 1023 2099 quemadmodum
1067 2053 1184 2083 suus
1223 2036 1334 2083 finis
1371 2041 1543 2085 veniet
1587 2042 1639 2085 in

207 2143 233 2238 Ξ
261 2156 329 2184 ems
362 2143 590 2238 eggndum
603 2157 687 2185 esse
706 2143 864 2185 exitum
890 2143 1002 2185 later
1022 2143 1151 2186 MSS.
1172 2160 1184 2193 3
1213 2149 1540 2198 empectanovum
1559 2159 1640 2187 esse

150 2211 216 2241 em
234 2211 310 2238 um
446 2230 455 2239 .

216 2250 236 2277 Β
256 2251 473 2305 possimus
491 2250 703 2292 Erasmus
723 2267 735 2300 ς
758 2265 978 2306 possemus
995 2265 1025 2306 p
1044 2268 1056 2301 ;
1079 2266 1308 2306 possumus
1326 2252 1452 2295 VPb.

218 2393 240 2412 ‘⁸
267 2384 338 2438 By
373 2398 529 2426 means
566 2385 618 2426 of
657 2385 737 2427 the
782 2385 1016 2432 ouem-bita,
1056 2399 1106 2427 or
1142 2387 1490 2440 cupping-glass.
1567 2387 1634 2443 Cf:

151 2439 358 2485 Juvenal,
388 2441 474 2480 xiV.
509 2443 561 2480 58
595 2445 727 2493 caput
758 2445 932 2481 ventosa
965 2440 1186 2481 cucurbita
1212 2447 1406 2494 quaerat.
1477 2442 1521 2484 It
1548 2455 1638 2484 was

153 2495 278 2535 often
299 2493 410 2535 used
428 2506 478 2535 as
498 2507 525 2534 a
544 2493 728 2548 remedy
747 2494 817 2536 for
835 2496 1033 2548 insanity
1051 2507 1102 2536 or
1120 2494 1336 2537 delirium.

154 2641 219 2690 64
