1702 2918
461 196 609 243 THE
643 195 965 244 EPISTLES
1001 195 1092 243 OF
1126 194 1393 244 SENECA

183 305 324 354 facio.
398 305 591 353 Invitus
623 305 852 369 relinquo
883 305 1042 352 officia
1071 309 1223 369 vitae,
1246 306 1427 369 quibus
1459 304 1672 352 fideliter

183 380 238 421 et
273 373 518 420 industrie
543 372 771 436 fungor.'’
844 371 1021 431 Quid?
1090 372 1167 420 Tu
1202 377 1364 420 nescis
1388 389 1543 419 unum
1568 388 1677 420 esse

185 457 247 488 ex
272 444 404 488 vitae
429 440 598 487 officiis
631 447 686 487 et
720 441 879 487 mori?
952 440 1160 487 Nullum
1184 441 1397 486 officium
1422 439 1675 502 relinquis.

185 508 301 554 Non
349 511 484 555 enim
532 514 698 555 certus
744 523 998 565 numeruS‚
1038 524 1189 571 quem
1231 507 1418 554 debeas
1460 506 1680 570 explere,

99 572 164 620 20
187 575 369 622 finitur.
467 575 619 621 Nulla
665 579 768 622 vita
813 581 892 622 est
938 590 1039 621 non
1086 575 1262 621 brevis.
1354 574 1482 620 Nam
1530 577 1570 621 si
1617 573 1681 620 ad

187 649 416 689 naturam
442 658 607 689 rerum
636 646 929 705 respexeris,
955 646 1108 689 etiam
1147 642 1372 688 Nestoris
1404 647 1458 689 et
1490 640 1682 688 Sattiae

189 710 353 757 brevis
377 715 472 767 est,
495 726 624 773 quae
648 711 848 756 inscribi
884 715 1212 756 monumento
1246 725 1335 755 suo
1370 712 1513 755 iussit
1539 711 1682 754 annis

190 792 244 824 se
267 781 542 839 nonaginta
567 793 748 824 novem
780 780 972 824 vixisse.
1046 776 1200 823 Vides
1232 776 1451 839 aliquem
1485 775 1684 839 gloriari

187 850 452 891 senectute
489 844 652 906 longa.
727 843 852 903 Quis
887 844 1024 890 illam
1048 843 1179 890 ferre
1214 847 1478 906 potuisset,
1502 846 1543 889 si
1567 858 1682 889 con-

186 914 387 975 tigisset
423 915 755 958 centesimum
791 911 1038 974 implere?
1107 910 1374 970 Quomodo
1407 909 1591 967 fabula,
1615 912 1684 956 sic

187 982 290 1025 vita
325 995 426 1025 non
461 995 610 1042 quam
647 979 750 1036 diu,
774 979 863 1027 sed
899 995 1049 1042 quam
1085 979 1215 1026 bene
1249 985 1362 1025 acta
1397 981 1478 1034 sit,
1513 975 1682 1026 refert.

191 1045 328 1092 Nihil
347 1045 411 1093 ad
430 1062 534 1092 rem
560 1050 800 1109 pertinet,
819 1062 918 1110 quo
943 1046 1050 1093 loco
1069 1046 1280 1093 desinas.
1353 1043 1684 1107 Quocumque

190 1113 325 1225 ζῖοΙΕε
382 1113 589 1171 desine3
652 1120 854 1161 tantum
911 1114 1094 1161 bonam
1151 1112 1424 1160 clausulam
1480 1115 1680 1175 inpone.

239 1195 342 1227 Am.

796 1356 1086 1407 LXXVIII.

527 1464 722 1513 SENECA
758 1464 960 1512 ch11.10
995 1481 1080 1512 svo
1114 1479 1333 1512 sav-rimu

141 1568 165 1615 l
275 1568 458 1616 Vexari
504 1573 558 1615 te
605 1567 1027 1615 destillationibus
1074 1568 1256 1615 crebris
1302 1583 1360 1614 ac
1414 1566 1686 1626 febriculis,

191 1652 320 1699 quae
356 1636 532 1698 longas
567 1635 934 1682 destillationes
969 1641 1024 1682 et
1057 1639 1109 1682 in
1147 1635 1564 1682 consuetudinem
1597 1634 1686 1682 ad-

191 1703 367 1750 ductas
391 1709 646 1760 secuntur,
671 1719 731 1750 eo
756 1702 1014 1750 molestius
1038 1702 1161 1749 mihi
1186 1709 1281 1759 est,
1304 1706 1422 1766 quia
1450 1708 1686 1764 expertus

192 1787 301 1818 sum
343 1770 439 1817 hoc
475 1786 634 1833 genus
676 1769 995 1827 valetudinis,
1030 1769 1165 1833 quod
1211 1773 1346 1817 inter
1384 1773 1528 1817 initia
1568 1785 1684 1816 con-

191 1841 405 1901 tempsi3
441 1843 640 1900 poterat
670 1836 835 1883 adhuc
866 1837 1212 1884 adulescentia
1242 1840 1443 1884 iniurias
1476 1836 1607 1884 ferre
1632 1841 1694 1885 ete.

192 1921 246 1952 se
287 1905 523 1952 adversus
562 1905 761 1951 morbos
802 1908 1166 1952 contumaciter
1205 1920 1394 1967 gerere.
1485 1903 1694 1951 Deindez

191 1973 429 2019 succubui
455 1978 509 2019 et
533 1988 593 2019 eo
618 1971 890 2034 perductus
915 1988 1041 2030 sum,
1066 1977 1124 2018 ut
1151 1975 1258 2034 ipse
1290 1971 1597 2019 destillarem
1621 1969 1687 2018 ad

141 2039 169 2085 2
192 2056 434 2086 summam
482 2042 693 2085 maciem
740 2038 1002 2086 deductus.
1075 2037 1238 2101 Saepe
1284 2042 1529 2101 impetum
1574 2041 1692 2101 cepi·

190 2106 564 2169 abrumpendae
590 2109 752 2161 vitae;
787 2109 941 2168 patris
960 2122 1041 2152 me
1065 2106 1487 2169 indulgentissimi
1512 2121 1685 2152 senec-

190 2180 272 2221 tus
308 2177 530 2221 retinuit.
604 2172 830 2236 Cogitavi
866 2177 1001 2220 enim
1036 2189 1137 2219 non
1173 2189 1321 2236 quam
1357 2173 1555 2220 fortiter
1589 2188 1689 2235 ego

256 2279 278 2298 ⁰
306 2270 348 2312 A
367 2270 624 2312 traditional
644 2270 848 2324 example
867 2270 919 2311 of
937 2270 1012 2312 old
1030 2284 1126 2324 age,
1150 2270 1408 2312 mentioned
1427 2270 1488 2324 by
1506 2258 1684 2311 Martia}

191 2324 281 2366 and
299 2325 379 2366 the
397 2325 518 2365 elder
540 2325 681 2378 Pliny.
1674 2334 1693 2343 ·'

258 2381 275 2406 ὃ
302 2378 522 2432 Compare
558 2378 636 2419 the
674 2378 760 2419 last
797 2377 941 2420 words
974 2377 1026 2419 of
1058 2378 1136 2419 the
1169 2378 1386 2432 Emperor
1419 2377 1654 2431 Augustus
1669 2394 1690 2421 v

191 2433 349 2474 amicos
363 2438 643 2496 percontatus
660 2432 808 2486 ecquid
832 2433 887 2474 iis
904 2432 1122 2474 videretur
1140 2433 1320 2474 mimwm
1337 2433 1450 2474 vitae
1469 2432 1695 2486 commodo„¹¹

191 2485 1051 2593 ιναῗθῧὲξῗοξιὸἒῗίἓέἒέἕὲὴῇ)·ὃευ80,αέ
1066 2553 1196 2581 enem
1242 2539 1444 2593 Caligula
1461 2536 1683 2581 refrained
1699 2565 1702 2618 1

189 2595 306 2636 from
324 2596 562 2648 executing
580 2594 688 2642 him,
710 2607 768 2635 on
787 2594 865 2636 the
882 2593 1059 2648 ground
1076 2594 1177 2635 that
1228 2607 1252 2635 e
1271 2593 1418 2635 would
1438 2606 1547 2635 soon
1568 2594 1652 2635 die.
1687 2600 1702 2644 ‘¹

195 2665 290 2707 180
