1702 2918
430 145 578 192 THE
613 145 933 193 EPISTLES
970 145 1061 193 OF
1096 145 1362 193 SENECA
1674 161 1679 207 1

146 260 203 300 ut
227 253 291 301 ad
314 254 554 316 ampliora
578 253 856 312 secederet,
879 253 1048 318 diligit
1073 271 1171 312 eos,
1197 271 1288 317 per
1319 271 1442 319 quos
1474 254 1568 302 hoc
1592 256 1637 303 ei

54 317 64 320 ⁶
144 330 310 378 facere
329 337 442 378 tuto
460 330 582 378 licet
600 330 832 394 solusque
847 331 863 361 1
884 331 981 378 illis
999 335 1275 394 gratuitum
1293 335 1637 380 testimonium

143 408 313 455 reddit
332 415 386 455 et
410 424 643 471 magnam
662 424 769 455 rem
787 409 1128 456 nescientibus
1147 408 1316 455 debet.
1384 409 1638 467 Quemad-

144 485 349 532 modum
373 491 722 548 praeceptores
747 501 860 532 suos
891 492 1158 533 veneratur
1180 503 1239 534 ac
1270 490 1493 549 suspicit,
1517 503 1639 551 quo-

144 578 254 608 rum
278 562 522 610 beneficio
545 563 643 610 illis
666 565 811 610 inviis
836 567 957 622 exit,
981 567 1051 611 sic
1075 571 1130 611 et
1152 563 1281 622 hOS,2
1305 565 1398 611 sub
1429 580 1640 628 quorum
1692 599 1693 604 ,

94 636 123 683 5
145 640 308 687 tutela
348 643 539 704 positus
580 647 784 688 exercet
823 647 957 689 artes
1003 642 1170 688 bonas.
1244 641 1480 689 “Verum
1519 642 1640 689 alios
1692 651 1694 687 1

146 718 380 781 quoque³
420 734 509 766 rex
555 719 740 766 viribus
780 722 880 766 suis
921 718 1192 782 protegit.''
1283 719 1408 778 Quis
1449 719 1641 782 negat?
1687 726 1696 776 ,ξ

146 793 249 842 Sed
271 795 695 859 quemadmodum
729 795 972 859 Neptuno
1003 796 1116 860 plus
1149 796 1335 844 debere
1367 813 1422 844 se
1453 797 1642 844 iudicat
1688 814 1698 876 ιι

146 889 210 920 ex
232 876 291 931 is,
315 876 401 937 qui
426 873 604 920 eadem
628 874 995 937 tranquillitate
1029 878 1104 921 usi
1138 881 1273 934 sunt,
1297 878 1382 938 qui
1415 874 1559 938 plura
1589 880 1643 923 et
1696 888 1702 905 *¹

147 954 438 1014 pretiosiora
483 951 570 998 illo
616 955 739 998 mari
785 955 939 1011 vexit,
980 955 1247 999 animosius
1292 970 1323 1000 a
1367 959 1644 1001 mercatore
1696 944 1699 1014 ¹:

147 1045 298 1093 quam
321 1046 351 1076 a
373 1035 574 1077 vectore
593 1029 802 1077 solvitur
823 1035 1014 1088 votum,
1033 1036 1087 1078 et
1115 1047 1178 1078 ex
1208 1033 1327 1094 ipsis
1359 1034 1644 1079 mercatori-

148 1108 241 1155 bus
283 1107 484 1155 effusius
524 1114 696 1170 gratus
737 1114 833 1167 est,
867 1111 954 1172 qui
995 1107 1171 1156 odores
1211 1125 1270 1155 ac
1310 1125 1550 1172 purpuras
1592 1114 1646 1157 et
1700 1121 1702 1125 ’

147 1202 268 1233 auro
299 1185 558 1249 pensanda
589 1186 821 1248 portabat
849 1202 1000 1250 quam
1031 1190 1118 1250 qui
1149 1186 1386 1234 vilissima
1417 1203 1646 1251 quaeque
1700 1191 1702 1231 ζ

149 1271 204 1312 et
238 1265 470 1312 saburrae
502 1263 612 1311 loco
644 1262 814 1310 futura
846 1270 1195 1327 congesserat;
1231 1268 1301 1311 sic
1333 1264 1479 1312 huius
1511 1268 1646 1329 pacis
1700 1286 1702 1293 ⁴

150 1339 450 1389 beneficium
484 1341 549 1388 ad
584 1358 757 1389 omnes
793 1345 1095 1405 pertinentis
1130 1342 1280 1389 altius
1314 1342 1380 1389 ad
1415 1358 1500 1390 eos
1534 1357 1646 1406 per-

150 1422 306 1477 venit,
330 1422 416 1482 qui
439 1418 526 1465 illa
549 1419 680 1466 bene
706 1425 931 1467 utuntur.

99 1503 129 1552 6
236 1496 389 1543 Multi
445 1500 580 1544 enim
633 1502 752 1543 sunt
807 1512 870 1543 ex
926 1495 1004 1544 his
1062 1500 1264 1560 togatis,
1318 1497 1498 1561 quibus
1551 1511 1647 1560 pax
1691 1510 1695 1519 ⁴

151 1577 403 1635 operosior
447 1573 583 1621 bello
624 1580 714 1621 est.
788 1573 872 1621 An
917 1573 1053 1622 idem
1100 1577 1354 1622 existimas
1390 1590 1479 1637 pro
1526 1588 1648 1637 pace

151 1650 339 1699 debere
365 1667 467 1710 eos,
491 1654 577 1715 qui
601 1651 738 1698 illam
765 1652 999 1699 ebrietati
1022 1658 1112 1699 aut
1134 1651 1330 1699 libidini
1363 1651 1649 1714 inpendunt

152 1735 242 1776 aut
271 1729 381 1776 aliis
405 1733 554 1787 vitiis,
578 1746 707 1792 quae
732 1729 811 1776 vel
844 1730 980 1777 bello
1007 1729 1288 1793 rumpenda
1318 1731 1471 1777 sunt?
1542 1729 1649 1776 Nisi

153 1805 283 1854 forte
330 1813 436 1854 tam
475 1811 703 1870 iniquum
745 1813 892 1870 putas
939 1823 1048 1855 esse
1089 1811 1386 1871 sapientem,
1426 1813 1485 1854 ut
1523 1805 1650 1853 nihil

152 1888 338 1951 viritim
357 1901 411 1933 se
429 1885 615 1933 debere
640 1901 729 1948 pro
748 1886 1094 1933 communibus
1118 1886 1260 1933 bonis
1283 1886 1486 1933 iudicet.
1548 1884 1650 1931 Soli

154 1962 406 2028 lunaeque
430 1963 698 2027 plurimum
723 1963 903 2022 debeO,
928 1969 982 2011 et
1012 1980 1114 2011 non
1143 1967 1230 2012 uni
1262 1963 1385 2011 mihi
1409 1967 1648 2011 oriuntur.

155 2040 307 2088 Anno
341 2044 747 2105 temperantique
781 2058 969 2088 annum
1004 2041 1102 2089 deo
1135 2045 1368 2106 privatim
1402 2041 1650 2105 obligatus

463 2166 477 2193 ¹
506 2167 700 2221 solusque
721 2166 954 2217 Muretus3
982 2169 1119 2210 solum
1148 2182 1201 2210 uo
1219 2168 1347 2212 VPb.

546 2221 566 2246 2
591 2222 667 2262 hoa
685 2221 796 2262 later
817 2220 946 2264 MSS.
967 2238 980 2271 ς
1008 2223 1074 2263 his
1141 2222 1219 2265 Pb.

343 2275 361 2302 ⁸
388 2276 498 2317 alios
515 2289 678 2330 quoque
695 2275 808 2317 later
827 2275 958 2319 MSS.
979 2292 991 2324 ς
1019 2290 1182 2331 quoquo
1200 2276 1310 2319 alios
1328 2277 1456 2320 VPb.

230 2391 251 2411 ‘⁸
280 2383 367 2425 For
380 2396 438 2424 an
454 2384 720 2436 interesting
733 2385 925 2424 account
939 2382 992 2424 of
1001 2382 1270 2437 philosophy
1283 2382 1374 2424 and
1393 2385 1450 2426 its
1467 2384 1650 2426 relation

156 2442 207 2481 to
235 2438 410 2480 Roman
437 2437 609 2490 history
628 2450 703 2478 see
727 2436 777 2478 E.
803 2436 860 2478 V.
885 2436 1072 2484 Arnum,
1096 2437 1268 2478 Roman
1288 2438 1498 2486 Stoicism,
1519 2438 1648 2492 chap.

158 2495 246 2535 xvi.
306 2492 410 2533 This
425 2491 598 2544 subject
610 2493 648 2533 is
664 2490 896 2533 discussed
914 2491 1027 2544 fully
1043 2491 1105 2545 by
1119 2490 1290 2540 Cicero,
1304 2491 1369 2533 De
1384 2492 1465 2546 Off.
1482 2494 1512 2534 i.
1533 2496 1580 2534 71
1599 2493 1650 2541 f.‚

160 2547 252 2588 and
270 2546 332 2601 by
352 2545 538 2594 Seneca,
563 2545 647 2600 Ep.
670 2559 739 2586 xc.

166 2609 261 2660 106
