1702 2918
393 152 539 200 THE
574 153 895 203 EPISTLES
931 155 1022 204 OF
1057 156 1324 204 SENECA

110 276 170 308 ac
203 260 430 319 difficilis,
454 278 549 310 nec
580 262 840 310 meliorem
875 263 1043 311 hilaris
1075 271 1129 312 et
1162 265 1309 314 laeta.
1382 267 1601 315 Necesse

111 344 189 385 est
222 355 342 402 ergo
377 356 466 403 par
496 340 594 388 sit.¹
668 340 729 387 In
762 347 973 406 utraque
1006 345 1142 389 enim
1173 344 1307 406 quod
1339 344 1411 404 fit,
1442 361 1602 409 aeque

109 422 249 463 recte
295 416 367 476 fit,
409 434 568 482 aeque
614 418 907 481 prudenter,
948 436 1108 483 aeque
1156 419 1380 470 honeste.
1470 422 1602 487 Ergo

108 495 336 558 aequalia
381 502 500 543 sunt
541 497 687 555 bona,
722 497 854 544 ultra
890 498 1054 561 quae²
1088 515 1184 546 nec
1221 498 1304 546 hic
1340 506 1509 563 potest
1549 516 1603 548 se

108 572 286 621 melius
318 577 372 620 in
406 573 501 621 hoc
535 573 719 636 gaudio
751 590 928 638 gerere
962 591 1058 622 nec
1089 575 1177 623 ille
1207 576 1387 624 melius
1420 581 1474 623 in
1507 577 1604 624 illis

109 652 421 699 cruciatibus.
518 651 634 698 Duo
671 658 859 710 autem,
896 653 1078 716 quibus
1112 653 1240 701 nihil
1280 654 1386 702 fieri
1425 655 1604 703 melius

27 726 87 774 16
109 733 294 790 potest,
334 731 471 792 paria
516 734 647 776 sunt.
741 729 870 775 Nam
910 732 968 788 si,
1009 746 1138 794 quae
1185 736 1327 778 extra
1367 735 1602 780 virtutem

108 809 271 868 posita
305 812 440 865 sunt,
473 812 564 854 aut
602 809 828 854 minuere
859 806 999 854 illam
1038 814 1126 855 aut
1158 825 1342 872 augere
1379 817 1604 872 possunt,

108 883 295 930 desinit
330 899 487 930 unum
520 884 708 931 bonum
743 900 868 942 esse,
896 884 1031 948 quod
1066 884 1349 934 honestum.
1423 885 1475 934 Si
1509 887 1605 934 hoc

108 965 424 1020 concesseris,
444 978 593 1009 omne
612 961 881 1009 honestum
905 967 1048 1026 perit.
1123 963 1326 1023 Quare?
1396 964 1603 1012 Dicam:

108 1042 224 1102 quia
239 1038 364 1085 nihil
381 1038 650 1087 honestum
665 1045 759 1098 est,
774 1039 910 1104 quod
924 1041 988 1087 ab
1002 1044 1176 1100 invito,
1193 1041 1327 1105 quod
1342 1048 1571 1090 coactum
1585 1042 1605 1073 3

107 1115 177 1163 fit.
268 1116 435 1164 Omne
481 1116 752 1164 honestum
797 1117 1134 1165 voluntarium
1180 1125 1271 1166 est.
1370 1120 1604 1168 Admisce

107 1193 182 1240 illi
222 1197 492 1257 pigritiam,
527 1195 819 1259 querellam,
861 1199 1346 1259 tergiversationem,
1379 1204 1605 1254 metum3

109 1271 244 1335 quod
284 1272 442 1320 habet
480 1276 534 1320 in
574 1289 628 1320 se
668 1277 932 1336 optimum,
973 1274 1212 1336 perdidit,
1253 1275 1348 1322 sibi
1388 1275 1601 1339 placere.

111 1349 227 1396 Non
259 1356 430 1414 potest
468 1350 739 1399 honestum
774 1367 900 1410 esse,
935 1351 1071 1416 quod
1107 1369 1209 1399 non
1247 1359 1326 1400 est
1360 1352 1604 1409 liberum3

26 1429 86 1477 17
108 1443 225 1475 nam
259 1429 395 1492 quod
430 1432 594 1487 timet,
625 1432 790 1476 servit.
866 1429 1156 1478 Honestum
1189 1447 1338 1479 omne
1375 1447 1605 1478 securum

109 1512 203 1564 est,
227 1507 553 1571 tranquillum
578 1512 686 1563 est3
722 1510 763 1554 si
794 1513 991 1554 recusat
1022 1507 1228 1571 aliquid,
1252 1511 1295 1556 si
1329 1509 1605 1572 conplorat,

108 1587 149 1631 si
166 1583 355 1631 malum
378 1583 584 1643 iudicat,
602 1584 1032 1647 perturbationem
1050 1589 1244 1649 recepit
1267 1592 1323 1634 et
1345 1589 1398 1632 in
1424 1603 1606 1649 magna

108 1660 354 1708 discordia
377 1662 642 1710 volutatur.
718 1662 855 1709 Hinc
891 1666 1026 1710 enim
1062 1666 1254 1726 species
1284 1667 1409 1711 recti
1445 1671 1604 1722 vocat,

107 1738 246 1786 illinc
291 1743 505 1804 suspicio
551 1740 669 1787 mali
715 1739 940 1787 retrahit.
1032 1740 1213 1805 Itaque
1259 1745 1345 1805 qui
1392 1741 1604 1790 honeste

107 1816 296 1880 aliquid
326 1817 546 1872 facturus
579 1824 673 1875 est,
706 1817 945 1882 quicquid
976 1821 1260 1881 opponitur,
1293 1818 1346 1866 id
1379 1822 1531 1866 etiam
1564 1823 1605 1866 si

107 1894 479 1942 incommodum
514 1901 677 1958 putat,
710 1895 896 1942 malum
931 1911 1032 1942 non
1069 1902 1234 1959 putet,
1269 1896 1408 1955 velit,
1443 1896 1604 1943 libens

107 1971 270 2020 faciat.
345 1973 512 2021 Omne
543 1972 812 2020 honestum
837 1976 1078 2020 iniussum
1102 1977 1485 2039 incoactumque
1511 1981 1604 2033 est,

109 2053 358 2097 sincerum
382 2056 436 2098 et
459 2050 586 2098 nulli
609 2050 741 2098 malo
762 2054 992 2099 mixtum.

27 2117 87 2164 18
193 2127 324 2187 Scio,
347 2128 470 2192 quid
499 2128 624 2175 mihi
654 2129 945 2192 responderi
973 2128 1069 2177 hoc
1099 2129 1210 2177 loco
1240 2133 1424 2193 possit:
1461 2134 1493 2158 “
1508 2129 1604 2178 hoc

466 2244 482 2270 ¹
505 2258 597 2299 par
614 2244 671 2286 sit
691 2243 845 2285 Haase
861 2261 873 2293 ς
897 2258 1010 2299 pars
1027 2244 1082 2286 sit
1101 2257 1131 2298 p
1151 2247 1236 2286 etc.

404 2298 423 2324 ²
447 2299 569 2340 ultra
587 2312 695 2353 quae
715 2298 898 2346 Haase3
927 2299 1152 2353 litteraque
1173 2297 1303 2341 MSS.

148 2354 165 2380 ⁸
193 2359 386 2395 coactum
406 2352 590 2401 Haase;
617 2366 695 2394 aco
714 2358 860 2394 actum
878 2366 938 2406 p;
966 2367 996 2394 a
1013 2357 1157 2394 coacto
1177 2352 1283 2402 Vb;
1311 2366 1388 2395 aco
1407 2358 1503 2394 acto
1523 2352 1571 2395 P.

174 2503 196 2522 ‘⁸
226 2494 294 2549 C'f.
327 2493 498 2539 cicero,
527 2493 595 2535 De
621 2493 721 2534 Fin.
755 2494 798 2534 ii.
834 2495 887 2534 14
917 2492 950 2534 f.
1011 2491 1248 2534 Rackham
1280 2491 1520 2534 translates
1552 2505 1601 2534 as

109 2555 141 2574 ‘⁶
155 2548 294 2590 moral
313 2547 585 2599 worth‚’'-a
602 2548 922 2588 reminiscence
941 2546 992 2587 of
1007 2549 1052 2587 τὸ
1072 2549 1210 2587 καλόν.

114 2620 173 2661 12
