1702 2918
475 131 623 179 THE
658 131 979 179 EPISTLES
1016 132 1107 179 OF
1141 131 1409 182 SENECA

191 329 364 371 autem
386 328 513 371 ratio
536 331 780 372 naturam.

277 412 310 436 “
325 407 463 467 Quid
478 415 557 456 est
571 425 691 472 ergo
710 413 836 457 ratio
853 409 872 456 ?
888 408 918 426 ”
972 409 1195 459 Naturae
1209 414 1436 459 imitatio.
1489 416 1522 440 “
1537 411 1651 470 Quo

193 498 272 539 est
287 509 536 540 summum
551 493 767 541 hominis
782 494 971 541 bonum
986 494 1006 540 ?
1023 494 1050 511 '’
1112 495 1190 542 Ex
1203 503 1412 544 naturae
1427 496 1686 546 voluntate

106 573 170 620 40
192 592 247 624 se
269 593 460 641 gerere.
533 582 566 605 “
581 578 696 624 Non
720 583 800 626 est
815 578 843 594 ’'
869 581 1036 642 inquit
1059 584 1092 606 “
1107 579 1332 638 dubium,
1351 583 1474 645 quin
1497 580 1664 629 felicio

191 750 449 810 sanguine.
540 748 656 794 Non
690 753 768 795 est
803 747 1010 795 dubium
1027 747 1056 764 ''
1092 751 1258 812 inquit
1294 753 1463 813 “quin
1498 749 1664 799 felicio

190 849 269 881 res
293 836 359 880 sit
386 836 679 880 inconcussa
702 832 941 880 valetudo
971 849 1122 897 quam
1154 850 1216 881 ex
1247 835 1479 898 gravibus
1504 836 1661 883 morb’

191 923 246 965 et
292 924 518 965 extrema
563 917 915 964 minitantibus
960 920 1015 964 in
1063 923 1230 965 tutum
1276 921 1326 965 vi
1371 919 1588 982 quadam
1634 936 1663 968 e

189 1005 436 1065 patientia
476 1001 672 1050 educta.
763 1001 955 1049 Eodem
996 1001 1146 1049 modo
1186 1019 1289 1050 non
1329 1006 1426 1051 erit
1463 1003 1670 1051 dubium

188 1090 312 1151 quin
335 1089 494 1134 maius
517 1087 707 1134 bonum
731 1089 796 1134 sit
819 1085 1060 1149 gaudium
1084 1103 1234 1151 quam
1258 1087 1470 1136 obnixus
1494 1092 1663 1136 animu

188 1171 253 1219 ad
299 1171 657 1235 perpetiendos
704 1174 951 1219 cruciatus
997 1171 1262 1219 vulnerum
1307 1178 1396 1219 aut
1444 1173 1667 1236 ignium.’

105 1258 162 1305 41
192 1256 417 1304 Minime.
491 1256 585 1303 Illa
626 1258 774 1315 enim,
818 1271 948 1320 quae
989 1255 1197 1304 fortuita
1243 1263 1376 1316 sunt,
1418 1257 1635 1321 plurimu

189 1341 486 1389 discriminis
542 1344 825 1404 recipiunt3
881 1343 1214 1388 aestimantur
1270 1344 1406 1389 enim
1464 1341 1632 1390 utilita

188 1429 509 1475 sumentium.
583 1425 835 1473 Bonorum
881 1442 1039 1473 unum
1088 1429 1398 1489 propositum
1445 1432 1524 1474 est
1570 1444 1667 1475 con

188 1514 377 1559 sentire
417 1517 658 1567 naturae3
711 1509 807 1558 hoc
847 1513 900 1557 in
941 1510 1171 1558 omnibus
1187 1510 1204 1541 1
1253 1527 1342 1573 par
1383 1517 1474 1558 est.
1562 1511 1602 1559 C

187 1595 395 1643 alicuius
428 1598 483 1642 in
518 1600 696 1643 senatu
733 1597 1041 1642 sententiam
1076 1598 1347 1658 sequimur,
1379 1612 1482 1642 non
1518 1602 1638 1659 pote

187 1680 316 1727 dici:
352 1679 440 1728 ille
470 1683 630 1744 magis
658 1679 942 1727 adsentitur
965 1695 1114 1744 quam
1139 1679 1257 1736 ille;
1292 1679 1356 1764 ah
1380 1681 1611 1728 omnibus
1638 1683 1649 1695 ⁶
1688 1675 1691 1679 ’

187 1765 402 1814 eandem
433 1768 741 1813 sententiam
775 1768 889 1812 itur.
965 1763 1110 1812 Idem
1145 1763 1210 1812 de
1243 1765 1512 1813 virtutibus
1545 1764 1658 1813 dico
1674 1806 1690 1819 ,,

187 1866 362 1898 omnes
396 1855 605 1898 naturae
639 1849 1006 1897 adsentiuntur.
1088 1847 1233 1896 Idem
1267 1848 1333 1897 de
1368 1849 1512 1897 bonis
1544 1849 1686 1898 dico:

103 1933 165 1979 42
188 1938 355 1982 omnia
416 1940 627 1981 naturae
695 1933 1063 1981 adsentiuntur.
1176 1932 1324 1980 Alter
1390 1933 1625 1982 adulesce

187 2019 421 2078 decessit,
450 2018 580 2066 alter
613 2034 786 2077 senex,
821 2017 999 2082 aliquis
1032 2023 1234 2081 praeter
1264 2016 1356 2064 hos
1389 2017 1570 2076 infans,
1607 2021 1692 2073 cuis

185 2103 314 2152 nihil
331 2103 545 2167 amplius
560 2106 777 2166 contigit
794 2118 942 2167 quam
963 2105 1247 2166 prospicere
1265 2105 1433 2150 vitam.
1496 2102 1661 2151 Omne

186 2189 240 2237 hi
258 2205 418 2253 aeque
437 2187 579 2236 fuere
597 2187 849 2244 mortales,
868 2190 1023 2235 etiam
1046 2188 1086 2235 si
1110 2202 1242 2234 mors
1259 2186 1470 2233 aliorum
1488 2175 1694 2250 longius?

254 2295 270 2320 ¹
298 2294 377 2336 Ιιοο
403 2293 453 2334 in
480 2293 676 2335 omnibus
702 2291 937 2339 Muretus;
970 2292 1048 2333 hoo
1074 2291 1238 2334 contin
1263 2291 1526 2346 (continyore
1552 2291 1669 2334 VPb
1690 2279 1691 2297 ³

186 2349 234 2391 in
253 2347 448 2391 omnibus
465 2361 495 2402 p
511 2364 523 2397 ς
552 2347 788 2389 consentire
806 2346 1001 2403 omnibus
1020 2345 1190 2388 Haase.
1689 2362 1691 2371 ·

251 2485 274 2505 ‘⁸
300 2475 506 2519 Another
550 2474 799 2524 definition,
839 2474 1106 2530 developing
1150 2473 1324 2516 further
1369 2473 1447 2515 the
1493 2472 1686 2530 thought

188 2530 430 2586 expressed
448 2533 494 2572 in
513 2533 535 2581 ξ
559 2532 623 2575 12.

189 2595 255 2646 26
