1702 2918
428 133 575 180 THE
610 133 931 183 EPISTLES
967 133 1058 182 OF
1092 135 1358 183 SENECA

149 238 299 285 modo
316 239 334 269 ¹
353 245 432 286 est
446 243 602 287 virtus
619 256 633 298 ;
655 241 804 288 modo
819 248 957 290 certa
970 259 1202 290 mensura
1220 250 1311 291 est.
1349 244 1639 291 Constantia

147 337 250 367 non
290 322 462 382 habet,
504 340 604 387 quo
644 325 900 388 procedat,
934 342 1038 373 non
1077 331 1235 391 magis
1275 343 1426 391 quam
1462 328 1639 375 fiducia

148 412 236 453 aut
254 411 435 455 veritas
452 415 540 455 aut
558 409 695 457 fides.
768 409 905 469 Quid
929 410 1168 459 accedere
1187 412 1413 475 perfecto
1437 413 1639 476 potest?

151 489 307 550 Nihil,
330 498 419 539 aut
442 493 725 555 perfectum
747 511 850 540 non
874 503 997 554 erat,
1022 499 1102 542 cui
1125 500 1346 543 accessit.
1419 496 1552 560 Ergo
1576 513 1639 544 ne

149 578 322 622 virtuti
379 577 600 640 quidem,
648 581 728 625 cui
772 581 814 626 si
870 579 995 642 quid
1049 579 1179 627 adici
1230 586 1415 643 potest,
1462 581 1638 628 defuit.

151 658 441 707 Honestum
509 678 709 726 quoque
773 662 964 710 nullam
1034 667 1371 711 accessionem
1433 668 1641 728 recipit3

149 741 418 791 honestum
443 751 521 793 est
553 750 689 793 enim
719 753 926 811 propter
956 750 1068 806 ista,
1092 764 1221 812 quae
1245 748 1432 796 rettuli.
1506 747 1639 808 Quid

149 829 328 890 porro?
422 829 673 878 Decorum
731 837 788 879 et
842 835 1030 879 iustum
1088 838 1143 880 et
1199 832 1484 896 legitimum
1540 849 1639 880 non

149 912 376 961 eiusdem
431 930 540 963 esse
592 915 781 964 formae
838 923 1001 980 putas,
1048 920 1197 965 certis
1253 921 1481 966 terminis
1526 934 1641 966 con-

149 998 422 1058 prensum?
491 999 724 1048 Crescere
742 1017 888 1065 posse
907 1001 1216 1065 inperfectae
1234 1005 1307 1049 rei
1325 1005 1524 1066 signum
1548 1009 1638 1050 est.

68 1082 128 1130 10
233 1080 429 1129 Bonum
464 1100 613 1131 omne
647 1087 701 1131 in
735 1084 939 1133 easdem
972 1085 1108 1133 cadit
1142 1086 1312 1149 leges3
1358 1089 1528 1133 iuncta
1564 1092 1640 1134 est

148 1168 341 1227 privata
386 1173 441 1215 et
486 1168 688 1232 publica
733 1170 942 1228 utilitas,
983 1177 1086 1218 tam
1132 1170 1446 1218 mehercules
1492 1187 1638 1235 quam

147 1251 478 1312 inseparabile
525 1259 604 1300 est
659 1253 968 1301 laudandum
1019 1255 1413 1319 petendumque.
1507 1255 1640 1318 Ergo

147 1336 358 1382 virtutes
380 1339 516 1384 inter
537 1352 591 1384 se
615 1353 758 1401 pares
777 1344 895 1386 sunt
918 1344 973 1386 et
995 1355 1146 1402 opera
1170 1342 1367 1386 virtutis
1391 1345 1445 1387 et
1468 1355 1640 1386 omnes

66 1414 120 1460 11
147 1416 392 1479 homines,
449 1421 629 1484 quibus
686 1421 803 1469 illae
861 1426 1132 1486 contigere.
1235 1422 1466 1471 Satorum
1524 1440 1639 1471 vero

145 1504 535 1568 animaliumque
583 1508 795 1554 virtutes
840 1522 955 1554 cum
1000 1507 1236 1555 mortales
1281 1511 1399 1567 sint,
1438 1507 1639 1570 fragiles

145 1601 345 1651 quoque
403 1588 721 1653 caducaeque
784 1597 904 1638 sunt
966 1597 1020 1638 et
1083 1594 1319 1639 incertae.
1413 1591 1638 1639 Exiliunt

144 1671 472 1736 residuntque
507 1679 563 1722 et
595 1673 710 1721 ideo
745 1690 847 1721 non
876 1674 1056 1722 eodem
1091 1679 1255 1739 pretio
1282 1678 1637 1733 aestimantur3

144 1769 244 1801 una
267 1755 522 1804 inducitur
551 1755 782 1805 humanis
805 1759 1074 1806 virtutibus
1104 1759 1291 1823 regula.
1365 1759 1480 1808 Una
1504 1763 1636 1807 enim

145 1845 224 1886 est
246 1844 373 1888 ratio
396 1848 535 1889 recta
552 1842 879 1906 simplexque.
954 1843 1092 1891 Nihil
1111 1851 1192 1892 est
1213 1844 1383 1892 divino
1406 1844 1636 1900 divinius,

62 1921 121 1967 12
144 1923 350 1972 caelesti
404 1925 682 1973 caelestius.
779 1926 1012 1974 Mortalia
1068 1931 1382 1986 minuuntur,
1432 1928 1635 1986 cadunt,

143 2007 459 2069 deteruntur,
550 2016 797 2069 crescunt,
888 2009 1264 2070 exhauriuntur,
1360 2012 1631 2076 inplentur.

142 2091 321 2157 Itaque
360 2094 457 2141 illis
497 2097 551 2142 in
590 2101 694 2142 tam
740 2098 933 2142 incerta
978 2102 1112 2144 sorte
1158 2095 1485 2160 inaequalitas
1527 2103 1605 2145 est
1621 2113 1634 2153 ;

140 2177 421 2226 divinorum
452 2196 552 2227 una
582 2186 761 2227 natura
791 2184 883 2226 est.
956 2178 1103 2226 Ratio
1135 2186 1307 2228 autem
1340 2181 1466 2228 nihil
1496 2181 1630 2228 aliud

140 2268 219 2310 est
263 2280 413 2328 quam
453 2267 506 2311 in
547 2280 724 2327 corpus
764 2262 1038 2310 humanum
1084 2280 1195 2327 pars
1236 2265 1392 2312 divini
1430 2269 1631 2328 spiritus

313 2389 329 2415 ¹
356 2390 447 2432 sine
465 2392 592 2433 modo
611 2390 789 2444 Capps;
816 2389 866 2432 in
881 2391 1009 2432 modo
1030 2389 1159 2433 MSS.
1183 2390 1274 2432 and
1294 2391 1463 2433 Hense.

512 2525 535 2545 α
560 2519 649 2566 i.e.,
671 2521 932 2571 constancy,
953 2517 1141 2572 fidelsty,
1163 2521 1248 2560 etc.
