1702 2918
443 124 588 171 THE
624 123 944 171 EPISTLES
982 124 1072 172 OF
1107 123 1370 172 SENECA

159 248 288 294 quae
335 249 424 294 per
468 232 781 295 voluptatem
828 237 882 279 et
921 235 1081 278 otium
1127 235 1354 290 veniunt,
1396 248 1524 295 quae
1566 249 1643 279 ex·
1682 263 1684 268 ,

159 302 412 360 cipiuntur
462 298 649 346 foribus
700 301 925 346 ornatis?
1016 298 1147 346 Sunt
1198 299 1444 362 quaedam
1495 303 1648 346 tristis

160 366 322 413 voltus
357 367 499 414 bona.
572 365 702 413 Sunt
736 366 979 429 quaedam
1015 373 1147 424 vota,
1183 383 1310 429 quae
1346 383 1447 413 non
1481 373 1648 429 gratu-

158 432 371 480 lantium
439 439 603 491 coetu,
667 433 757 480 sed
824 433 1140 480 adorantium
1201 437 1648 497 venerantiumque
1686 476 1688 478 .

77 500 135 546 12
158 500 488 548 celebrantur.
563 500 641 547 Ita
672 506 729 547 tu
761 517 863 547 non
895 507 1040 563 putas
1078 500 1323 563 Regulum
1353 507 1567 580 optasse,
1592 507 1648 547 ut
1687 539 1689 548 .

157 566 219 613 ad
266 567 455 615 Poenos
491 569 814 630 perveniret?
884 567 1046 614 Indue
1086 571 1254 630 magni
1297 571 1387 614 viri
1427 571 1647 614 animum
1690 595 1691 598 =

158 639 212 680 et
257 634 321 681 ab
367 636 684 697 opinionibus
731 634 865 697 volgi
916 634 1097 682 secede
1145 634 1409 697 paulisper.
1499 635 1693 698 Cape„

157 707 396 763 quantam
443 702 615 760 debes,
661 705 861 749 virtutis
909 701 1274 765 pulcherrimae
1320 719 1378 749 ac
1423 702 1648 765 magnifi-

157 772 473 816 centissimae
505 772 742 832 speciem,
766 785 894 832 quae
924 769 1068 816 nobis
1091 785 1194 815 non
1224 775 1338 816 ture
1361 785 1456 816 nec
1488 772 1648 827 sertis,
1693 809 1696 818 .

75 833 135 879 13
156 835 245 884 sed
293 836 472 883 sudore
514 843 568 883 et
614 840 855 899 sanguine
902 835 1114 883 colenda
1153 842 1243 883 est.
1316 836 1535 899 Adspice
1577 836 1644 883 M.
1696 876 1697 892 ,

159 902 399 950 Catonem
454 919 591 950 sacro
636 903 710 950 illi
759 907 951 966 pectori
1002 907 1286 966 purissimas
1337 920 1512 950 manus
1562 903 1649 950 ad·
1696 902 1698 958 Ϊ

156 976 446 1018 moventem
471 976 524 1017 et
548 970 755 1017 vulnera
778 987 952 1033 parum
975 970 1078 1017 alte
1094 971 1111 1001 ¹
1137 970 1351 1018 demissa
1379 970 1645 1018 laxantem.

160 1036 344 1084 Utrum
369 1037 577 1084 tandem
608 1037 682 1084 illi
714 1038 938 1085 dicturus
962 1054 1016 1085 es
1040 1037 1267 1085 “vellem
1296 1053 1424 1100 quae
1448 1038 1603 1085 velles
1618 1037 1646 1054 '’

159 1110 214 1151 et
237 1109 268 1132 “
283 1105 496 1152 moleste
520 1104 627 1152 fero
643 1105 669 1121 ''
696 1122 762 1151 an
786 1104 1049 1152 “feliciter
1070 1105 1204 1168 quod
1228 1108 1334 1168 agis
1350 1104 1378 1121 '’
1398 1106 1418 1151 ?

77 1166 137 1213 14
245 1171 359 1219 Hoc
410 1172 520 1219 loco
567 1171 690 1219 mihi
738 1172 1026 1219 Demetrius
1073 1179 1245 1219 noster
1289 1175 1518 1230 occurrit,
1563 1175 1648 1235 qui

159 1242 311 1285 vitam
353 1255 577 1286 securam
618 1245 672 1286 et
711 1243 819 1287 sine
861 1239 976 1286 ullis
1017 1238 1247 1286 fortunae
1287 1239 1649 1286 incursionibus

158 1322 294 1354 mare
312 1313 565 1353 mortuum
580 1313 738 1354 vocat.
795 1306 934 1353 Nihil
954 1306 1156 1364 habere,
1169 1306 1233 1353 ad
1249 1306 1383 1370 quod
1403 1309 1645 1364 exciteris,

158 1373 221 1420 ad
254 1373 390 1436 quod
421 1380 474 1421 te
505 1377 743 1431 concites,
775 1378 915 1421 cuius
947 1374 1331 1421 denuntiatione
1363 1380 1417 1421 et
1450 1377 1642 1422 incursu

159 1440 447 1488 firmitatem
478 1445 631 1488 animi
663 1445 739 1488 tui
771 1447 1007 1504 temptes,
1033 1441 1122 1488 sed
1153 1445 1206 1488 in
1231 1444 1335 1488 otio
1358 1444 1649 1488 inconcusso

77 1501 169 1548 15
157 1524 319 1555 iacere
354 1525 455 1555 non
492 1514 570 1556 est
605 1509 969 1572 tranquillitas3
1009 1508 1248 1555 malacia2
1284 1514 1375 1556 est.
1447 1508 1651 1555 Attalus

160 1575 356 1622 Stoicus
391 1576 559 1623 dicere
591 1576 812 1623 solebat:
849 1575 1027 1622 “malo
1051 1592 1132 1623 me
1165 1575 1366 1623 fortuna
1394 1578 1447 1622 in
1479 1578 1650 1622 castris

160 1646 259 1690 suis
283 1659 434 1706 quam
457 1646 509 1690 in
534 1643 727 1690 deliciis
752 1643 950 1691 habeat.
1021 1643 1292 1706 Torqueor,
1311 1642 1398 1690 sed
1425 1642 1651 1690 fortiter·
1639 1678 1652 1699 ,

160 1711 291 1757 bene
327 1716 414 1757 est.
491 1710 722 1769 Occidor,
757 1711 845 1757 sed
883 1710 1110 1767 fortiter;
1158 1711 1288 1758 bene
1324 1710 1445 1758 est.”
1519 1709 1652 1756 Audi

161 1777 448 1858 Epicurum,
473 1778 610 1825 dicet
642 1785 696 1825 et
719 1778 913 1825 “dulce
946 1778 1070 1825 est.”
1142 1778 1252 1841 Ego
1276 1784 1381 1825 tam
1413 1777 1653 1824 honestae

80 1841 139 1888 16
161 1848 232 1892 rei
249 1862 306 1892 ac
322 1861 524 1892 severae
542 1862 814 1909 numquam
830 1845 982 1893 molle
1001 1861 1185 1892 nomen
1203 1849 1453 1908 inponam.
1511 1844 1653 1902 Uror,

228 1930 357 1973 1alte
371 1931 527 1973 Hense
540 1931 631 1972 and
647 1930 914 1981 Buecheler,
937 1937 1037 1973 ante
1048 1931 1208 1981 Gertz,
1235 1937 1378 1973 autem
1391 1944 1445 1985 p3
1467 1930 1654 1972 omitted

161 1984 462 2082 by²vvgczada
479 2040 698 2094 (malacia)
717 2054 777 2094 p3
804 2039 978 2082 malitia
995 2039 1124 2083 VPb.

162 2105 1655 2189 mm

162 2178 357 2234 ioicing3
385 2181 441 2235 of.
465 2180 682 2228 Tibullus,
704 2182 732 2222 i.
760 2184 809 2221 15
829 2180 860 2223 f.

490 2256 601 2289 Flava
615 2256 734 2297 Ceres,
752 2256 822 2288 tibi
838 2256 890 2288 sit
903 2255 1031 2288 nostro
1045 2255 1090 2288 de
1104 2263 1188 2288 rure
1202 2263 1334 2288 corona

530 2298 669 2339 Spicea,
686 2307 778 2339 quae
793 2301 853 2331 ten
833 2297 920 2339 mpli
938 2306 980 2338 pe
963 2296 1095 2330 endeat,
1108 2299 1194 2330 ante
1210 2297 1316 2329 fores.

164 2359 245 2414 My
249 2359 331 2402 rtle
365 2360 604 2402 decorated
636 2360 715 2402 the
751 2359 1049 2414 bridegroom
1049 2373 1071 2402 s
1109 2359 1404 2408 house-door3
1444 2359 1653 2413 garlands

164 2374 374 2456 heralded
393 2414 472 2455 the
492 2414 609 2456 birth
629 2414 680 2456 of
693 2429 722 2456 a
739 2414 859 2457 child
895 2413 1103 2456 Juvenal.
1124 2415 1182 2456 ix.

230 2470 247 2495 ⁶
278 2468 346 2523 C'f.
372 2468 500 2521 Pliny
504 2469 591 2516 ,.N
599 2469 658 2511 H.
678 2471 735 2510 iv.
761 2471 821 2511 13.
923 2468 1068 2510 esides
1087 2468 1165 2509 the
1172 2415 1314 2509 Degd
1334 2465 1421 2510 Sea
1439 2467 1493 2508 of
1508 2466 1651 2509 Pales-

165 2524 272 2571 tine,
293 2522 371 2564 the
389 2526 505 2564 term
523 2535 616 2564 was
635 2522 814 2577 applied
831 2526 880 2564 to
898 2536 990 2577 any
1009 2521 1211 2576 sluggish
1231 2521 1354 2575 body
1371 2521 1423 2562 of
1438 2525 1588 2562 water.

167 2592 228 2636 42
