<?xml version="1.0" encoding="UTF-8"?>
<!DOCTYPE html PUBLIC "-//W3C//DTD XHTML 1.0 Transitional//EN"
    "http://www.w3.org/TR/xhtml1/DTD/xhtml1-transitional.dtd">
<html xmlns="http://www.w3.org/1999/xhtml" xml:lang="en" lang="en">
 <head>
  <title>
</title>
<meta http-equiv="Content-Type" content="text/html;charset=utf-8" />
  <meta name='ocr-system' content='tesseract 3.04.00' />
  <meta name='ocr-capabilities' content='ocr_page ocr_carea ocr_par ocr_line ocrx_word'/>
</head>
<body>
  <div class='ocr_page' id='page_1' title='image "adluciliumepistu02seneuoft_0274.png"; bbox 0 0 1702 2918; ppageno 0'>
   <div class='ocr_carea' id='block_1_1' title="bbox 461 152 1399 201">
    <p class='ocr_par' dir='ltr' id='par_1_1' title="bbox 461 152 1399 201">
     <span class='ocr_line' id='line_1_1' title="bbox 461 152 1399 201; baseline -0.002 0"><span class='ocrx_word' id='word_1_1' title='bbox 461 154 607 201; x_wconf 93' lang='lat' dir='ltr'><strong>THE</strong></span> <span class='ocrx_word' id='word_1_2' title='bbox 643 152 968 201; x_wconf 90' lang='lat' dir='ltr'><strong>EPISTLES</strong></span> <span class='ocrx_word' id='word_1_3' title='bbox 1004 152 1096 200; x_wconf 90' lang='lat' dir='ltr'><strong>OF</strong></span> <span class='ocrx_word' id='word_1_4' title='bbox 1131 152 1399 200; x_wconf 91' lang='lat' dir='ltr'>SENECA</span> 
     </span>
    </p>
   </div>
   <div class='ocr_carea' id='block_1_2' title="bbox 104 262 1702 1958">
    <p class='ocr_par' dir='ltr' id='par_1_2' title="bbox 104 262 1702 1958">
     <span class='ocr_line' id='line_1_2' title="bbox 187 262 1702 326; baseline -0.001 -16"><span class='ocrx_word' id='word_1_5' title='bbox 187 279 375 326; x_wconf 76' lang='lat' dir='ltr'><strong>ponere</strong></span> <span class='ocrx_word' id='word_1_6' title='bbox 437 279 501 311; x_wconf 83' lang='lat' dir='ltr'><strong>ex</strong></span> <span class='ocrx_word' id='word_1_7' title='bbox 563 263 765 310; x_wconf 86' lang='lat' dir='ltr'><strong>multis:</strong></span> <span class='ocrx_word' id='word_1_8' title='bbox 842 262 1158 310; x_wconf 91' lang='lat' dir='ltr'><strong>“dormienti</strong></span> <span class='ocrx_word' id='word_1_9' title='bbox 1220 278 1371 309; x_wconf 89' lang='lat' dir='ltr'><strong>nemo</strong></span> <span class='ocrx_word' id='word_1_10' title='bbox 1427 268 1672 309; x_wconf 86' lang='lat' dir='ltr'><strong>secretum</strong></span> <span class='ocrx_word' id='word_1_11' title='bbox 1699 267 1702 318; x_wconf 77' lang='grc' dir='ltr'>ξ</span> 
     </span>
     <span class='ocr_line' id='line_1_3' title="bbox 186 320 1702 401; baseline -0.001 -10"><span class='ocrx_word' id='word_1_12' title='bbox 186 361 468 393; x_wconf 90' lang='lat' dir='ltr'><strong>sermonem</strong></span> <span class='ocrx_word' id='word_1_13' title='bbox 509 348 811 401; x_wconf 82' lang='lat' dir='ltr'><strong>committit3</strong></span> <span class='ocrx_word' id='word_1_14' title='bbox 857 348 961 392; x_wconf 87' lang='lat' dir='ltr'><strong>viro</strong></span> <span class='ocrx_word' id='word_1_15' title='bbox 1000 351 1172 391; x_wconf 89' lang='lat' dir='ltr'><strong>autem</strong></span> <span class='ocrx_word' id='word_1_16' title='bbox 1206 345 1340 391; x_wconf 90' lang='lat' dir='ltr'><strong>bono</strong></span> <span class='ocrx_word' id='word_1_17' title='bbox 1374 347 1646 391; x_wconf 79' lang='lat' dir='ltr'><strong>committit</strong></span> <span class='ocrx_word' id='word_1_18' title='bbox 1662 320 1702 400; x_wconf 56' lang='lat' dir='ltr'><strong>{l</strong></span> 
     </span>
     <span class='ocr_line' id='line_1_4' title="bbox 104 403 1702 509; baseline -0.001 -36"><span class='ocrx_word' id='word_1_19' title='bbox 104 426 165 473; x_wconf 93' lang='lat'><strong>10</strong></span> <span class='ocrx_word' id='word_1_20' title='bbox 186 430 260 473; x_wconf 90' lang='lat' dir='ltr'><strong>vir</strong></span> <span class='ocrx_word' id='word_1_21' title='bbox 281 427 442 474; x_wconf 92' lang='lat' dir='ltr'><strong>bonus</strong></span> <span class='ocrx_word' id='word_1_22' title='bbox 467 443 588 489; x_wconf 88' lang='lat' dir='ltr'><strong>ergo</strong></span> <span class='ocrx_word' id='word_1_23' title='bbox 615 442 718 473; x_wconf 91' lang='lat' dir='ltr'><strong>non</strong></span> <span class='ocrx_word' id='word_1_24' title='bbox 750 425 982 473; x_wconf 89' lang='lat' dir='ltr'><strong>dormit.&#39;&#39;</strong></span> <span class='ocrx_word' id='word_1_25' title='bbox 1053 425 1169 484; x_wconf 87' lang='lat' dir='ltr'><strong>Quo</strong></span> <span class='ocrx_word' id='word_1_26' title='bbox 1196 442 1294 472; x_wconf 90' lang='lat' dir='ltr'><strong>uno</strong></span> <span class='ocrx_word' id='word_1_27' title='bbox 1318 425 1467 472; x_wconf 91' lang='lat' dir='ltr'><strong>modo</strong></span> <span class='ocrx_word' id='word_1_28' title='bbox 1491 403 1702 509; x_wconf 62' lang='lat' dir='ltr'><strong>potest,{</strong></span> 
     </span>
     <span class='ocr_line' id='line_1_5' title="bbox 191 506 1702 586; baseline -0.002 -30"><span class='ocrx_word' id='word_1_29' title='bbox 191 507 482 556; x_wconf 90' lang='lat' dir='ltr'><strong>Posidonius</strong></span> <span class='ocrx_word' id='word_1_30' title='bbox 524 509 737 555; x_wconf 87' lang='lat' dir='ltr'><strong>Zenonis</strong></span> <span class='ocrx_word' id='word_1_31' title='bbox 777 511 936 555; x_wconf 84' lang='lat' dir='ltr'><strong>nostri</strong></span> <span class='ocrx_word' id='word_1_32' title='bbox 972 524 1171 554; x_wconf 86' lang='lat' dir='ltr'><strong>causam</strong></span> <span class='ocrx_word' id='word_1_33' title='bbox 1211 511 1334 570; x_wconf 87' lang='lat' dir='ltr'><strong>agit,</strong></span> <span class='ocrx_word' id='word_1_34' title='bbox 1369 506 1460 554; x_wconf 89' lang='lat' dir='ltr'><strong>sed</strong></span> <span class='ocrx_word' id='word_1_35' title='bbox 1499 522 1565 554; x_wconf 89' lang='lat' dir='ltr'><strong>ne</strong></span> <span class='ocrx_word' id='word_1_36' title='bbox 1607 509 1702 586; x_wconf 52' lang='lat' dir='ltr'><strong>sic}</strong></span> 
     </span>
     <span class='ocr_line' id='line_1_6' title="bbox 187 589 1702 653; baseline -0.001 -16"><span class='ocrx_word' id='word_1_37' title='bbox 187 590 410 653; x_wconf 91' lang='lat' dir='ltr'><strong>quidem,</strong></span> <span class='ocrx_word' id='word_1_38' title='bbox 438 596 497 637; x_wconf 93' lang='lat' dir='ltr'><strong>ut</strong></span> <span class='ocrx_word' id='word_1_39' title='bbox 534 593 781 648; x_wconf 85' lang='lat' dir='ltr'><strong>existimo,</strong></span> <span class='ocrx_word' id='word_1_40' title='bbox 813 592 895 653; x_wconf 89' lang='lat' dir='ltr'><strong>agi</strong></span> <span class='ocrx_word' id='word_1_41' title='bbox 930 595 1114 652; x_wconf 89' lang='lat' dir='ltr'><strong>potest.</strong></span> <span class='ocrx_word' id='word_1_42' title='bbox 1186 589 1277 636; x_wconf 90' lang='lat' dir='ltr'><strong>Ait</strong></span> <span class='ocrx_word' id='word_1_43' title='bbox 1312 592 1448 636; x_wconf 90' lang='lat' dir='ltr'><strong>enim</strong></span> <span class='ocrx_word' id='word_1_44' title='bbox 1483 589 1702 636; x_wconf 61' lang='lat' dir='ltr'><strong>ebrium-³</strong></span> 
     </span>
     <span class='ocr_line' id='line_1_7' title="bbox 185 670 1684 734; baseline -0.001 -15"><span class='ocrx_word' id='word_1_45' title='bbox 185 672 379 719; x_wconf 92' lang='lat' dir='ltr'><strong>duobus</strong></span> <span class='ocrx_word' id='word_1_46' title='bbox 402 671 564 718; x_wconf 90' lang='lat' dir='ltr'><strong>modis</strong></span> <span class='ocrx_word' id='word_1_47' title='bbox 588 671 717 718; x_wconf 88' lang='lat' dir='ltr'><strong>dici:</strong></span> <span class='ocrx_word' id='word_1_48' title='bbox 751 670 927 729; x_wconf 85' lang='lat' dir='ltr'><strong>altero,</strong></span> <span class='ocrx_word' id='word_1_49' title='bbox 947 688 1061 718; x_wconf 90' lang='lat' dir='ltr'><strong>cum</strong></span> <span class='ocrx_word' id='word_1_50' title='bbox 1079 671 1256 734; x_wconf 91' lang='lat' dir='ltr'><strong>aliquis</strong></span> <span class='ocrx_word' id='word_1_51' title='bbox 1274 673 1390 717; x_wconf 87' lang='lat' dir='ltr'><strong>vino</strong></span> <span class='ocrx_word' id='word_1_52' title='bbox 1413 673 1574 732; x_wconf 85' lang='lat' dir='ltr'><strong>gravis</strong></span> <span class='ocrx_word' id='word_1_53' title='bbox 1599 674 1684 718; x_wconf 67' lang='lat' dir='ltr'><strong>est</strong></span> 
     </span>
     <span class='ocr_line' id='line_1_8' title="bbox 185 726 1702 818; baseline -0.003 -15"><span class='ocrx_word' id='word_1_54' title='bbox 185 761 240 803; x_wconf 86' lang='lat' dir='ltr'><strong>et</strong></span> <span class='ocrx_word' id='word_1_55' title='bbox 279 758 423 818; x_wconf 91' lang='lat' dir='ltr'><strong>inpos</strong></span> <span class='ocrx_word' id='word_1_56' title='bbox 464 757 568 810; x_wconf 84' lang='lat' dir='ltr'><strong>sui3</strong></span> <span class='ocrx_word' id='word_1_57' title='bbox 621 753 797 812; x_wconf 86' lang='lat' dir='ltr'><strong>altero,</strong></span> <span class='ocrx_word' id='word_1_58' title='bbox 838 756 878 800; x_wconf 92' lang='lat' dir='ltr'><strong>si</strong></span> <span class='ocrx_word' id='word_1_59' title='bbox 919 753 1048 801; x_wconf 91' lang='lat' dir='ltr'><strong>solet</strong></span> <span class='ocrx_word' id='word_1_60' title='bbox 1094 753 1260 800; x_wconf 90' lang='lat' dir='ltr'><strong>ebrius</strong></span> <span class='ocrx_word' id='word_1_61' title='bbox 1308 752 1414 799; x_wconf 89' lang='lat' dir='ltr'><strong>fieri</strong></span> <span class='ocrx_word' id='word_1_62' title='bbox 1459 757 1514 800; x_wconf 90' lang='lat' dir='ltr'><strong>et</strong></span> <span class='ocrx_word' id='word_1_63' title='bbox 1559 726 1702 818; x_wconf 54' lang='lat' dir='ltr'><strong>huic}</strong></span> 
     </span>
     <span class='ocr_line' id='line_1_9' title="bbox 185 823 1699 897; baseline -0.001 -14"><span class='ocrx_word' id='word_1_64' title='bbox 185 836 428 883; x_wconf 86' lang='lat' dir='ltr'><strong>obnoxius</strong></span> <span class='ocrx_word' id='word_1_65' title='bbox 464 839 586 883; x_wconf 89' lang='lat' dir='ltr'><strong>vitio</strong></span> <span class='ocrx_word' id='word_1_66' title='bbox 622 841 713 883; x_wconf 91' lang='lat' dir='ltr'><strong>est.</strong></span> <span class='ocrx_word' id='word_1_67' title='bbox 789 835 942 881; x_wconf 91' lang='lat' dir='ltr'><strong>Hunc</strong></span> <span class='ocrx_word' id='word_1_68' title='bbox 974 851 1003 881; x_wconf 92' lang='lat' dir='ltr'><strong>a</strong></span> <span class='ocrx_word' id='word_1_69' title='bbox 1034 834 1237 881; x_wconf 88' lang='lat' dir='ltr'><strong>Zenone</strong></span> <span class='ocrx_word' id='word_1_70' title='bbox 1269 833 1385 892; x_wconf 90' lang='lat' dir='ltr'><strong>dici,</strong></span> <span class='ocrx_word' id='word_1_71' title='bbox 1409 836 1495 897; x_wconf 93' lang='lat' dir='ltr'><strong>qui</strong></span> <span class='ocrx_word' id='word_1_72' title='bbox 1519 823 1699 881; x_wconf 66' lang='lat' dir='ltr'><strong>soleat&#39;</strong></span> 
     </span>
     <span class='ocr_line' id='line_1_10' title="bbox 185 917 1676 981; baseline -0.002 -17"><span class='ocrx_word' id='word_1_73' title='bbox 185 918 291 966; x_wconf 88' lang='lat' dir='ltr'><strong>fieri</strong></span> <span class='ocrx_word' id='word_1_74' title='bbox 316 919 497 976; x_wconf 86' lang='lat' dir='ltr'><strong>ebrius,</strong></span> <span class='ocrx_word' id='word_1_75' title='bbox 521 934 624 964; x_wconf 91' lang='lat' dir='ltr'><strong>non</strong></span> <span class='ocrx_word' id='word_1_76' title='bbox 647 920 733 981; x_wconf 92' lang='lat' dir='ltr'><strong>qui</strong></span> <span class='ocrx_word' id='word_1_77' title='bbox 757 920 834 964; x_wconf 88' lang='lat' dir='ltr'><strong>sit.</strong></span> <span class='ocrx_word' id='word_1_78' title='bbox 909 917 1045 963; x_wconf 93' lang='lat' dir='ltr'><strong>Huic</strong></span> <span class='ocrx_word' id='word_1_79' title='bbox 1068 921 1239 963; x_wconf 89' lang='lat' dir='ltr'><strong>autem</strong></span> <span class='ocrx_word' id='word_1_80' title='bbox 1263 919 1520 963; x_wconf 90' lang='lat' dir='ltr'><strong>neminem</strong></span> <span class='ocrx_word' id='word_1_81' title='bbox 1544 931 1676 962; x_wconf 87' lang='lat' dir='ltr'><strong>com·</strong></span> 
     </span>
     <span class='ocr_line' id='line_1_11' title="bbox 104 991 1702 1060; baseline -0.003 -16"><span class='ocrx_word' id='word_1_82' title='bbox 104 997 159 1044; x_wconf 94' lang='lat' dir='ltr'><strong>ll</strong></span> <span class='ocrx_word' id='word_1_83' title='bbox 184 1001 447 1044; x_wconf 89' lang='lat' dir='ltr'><strong>missurum</strong></span> <span class='ocrx_word' id='word_1_84' title='bbox 467 1013 656 1057; x_wconf 88' lang='lat' dir='ltr'><strong>arcana,</strong></span> <span class='ocrx_word' id='word_1_85' title='bbox 679 1012 807 1060; x_wconf 89' lang='lat' dir='ltr'><strong>quae</strong></span> <span class='ocrx_word' id='word_1_86' title='bbox 825 1011 916 1058; x_wconf 88' lang='lat' dir='ltr'><strong>per</strong></span> <span class='ocrx_word' id='word_1_87' title='bbox 933 998 1104 1042; x_wconf 90' lang='lat' dir='ltr'><strong>vinum</strong></span> <span class='ocrx_word' id='word_1_88' title='bbox 1123 995 1290 1058; x_wconf 91' lang='lat' dir='ltr'><strong>eloqui</strong></span> <span class='ocrx_word' id='word_1_89' title='bbox 1308 997 1476 1057; x_wconf 89' lang='lat' dir='ltr'><strong>possit.</strong></span> <span class='ocrx_word' id='word_1_90' title='bbox 1527 991 1702 1059; x_wconf 29' lang='lat' dir='ltr'><strong>Quod-3⁶</strong></span> 
     </span>
     <span class='ocr_line' id='line_1_12' title="bbox 184 1072 1702 1139; baseline -0.003 -12"><span class='ocrx_word' id='word_1_91' title='bbox 184 1086 264 1127; x_wconf 87' lang='lat' dir='ltr'><strong>est</strong></span> <span class='ocrx_word' id='word_1_92' title='bbox 286 1078 479 1126; x_wconf 85' lang='lat' dir='ltr'><strong>falsum.</strong></span> <span class='ocrx_word' id='word_1_93' title='bbox 545 1078 707 1124; x_wconf 87' lang='lat' dir='ltr'><strong>Prima</strong></span> <span class='ocrx_word' id='word_1_94' title='bbox 725 1081 861 1124; x_wconf 90' lang='lat' dir='ltr'><strong>enim</strong></span> <span class='ocrx_word' id='word_1_95' title='bbox 885 1076 972 1123; x_wconf 84' lang='lat' dir='ltr'><strong>illa</strong></span> <span class='ocrx_word' id='word_1_96' title='bbox 993 1079 1320 1139; x_wconf 84' lang='lat' dir='ltr'><strong>interrogatio</strong></span> <span class='ocrx_word' id='word_1_97' title='bbox 1345 1072 1702 1138; x_wconf 45' lang='lat' dir='ltr'><strong>conplectitur&amp;</strong></span> 
     </span>
     <span class='ocr_line' id='line_1_13' title="bbox 185 1143 1692 1224; baseline -0.001 -16"><span class='ocrx_word' id='word_1_98' title='bbox 185 1177 320 1220; x_wconf 89' lang='lat' dir='ltr'><strong>eum,</strong></span> <span class='ocrx_word' id='word_1_99' title='bbox 366 1163 454 1224; x_wconf 90' lang='lat' dir='ltr'><strong>qui</strong></span> <span class='ocrx_word' id='word_1_100' title='bbox 500 1165 579 1207; x_wconf 92' lang='lat' dir='ltr'><strong>est</strong></span> <span class='ocrx_word' id='word_1_101' title='bbox 630 1160 811 1218; x_wconf 87' lang='lat' dir='ltr'><strong>ebrius,</strong></span> <span class='ocrx_word' id='word_1_102' title='bbox 859 1174 963 1206; x_wconf 92' lang='lat' dir='ltr'><strong>non</strong></span> <span class='ocrx_word' id='word_1_103' title='bbox 1018 1173 1152 1216; x_wconf 89' lang='lat' dir='ltr'><strong>eum,</strong></span> <span class='ocrx_word' id='word_1_104' title='bbox 1198 1161 1285 1222; x_wconf 90' lang='lat' dir='ltr'><strong>qui</strong></span> <span class='ocrx_word' id='word_1_105' title='bbox 1338 1156 1536 1204; x_wconf 84' lang='lat' dir='ltr'><strong>futurus</strong></span> <span class='ocrx_word' id='word_1_106' title='bbox 1582 1143 1692 1206; x_wconf 23' lang='lat' dir='ltr'><strong>est.-</strong></span> 
     </span>
     <span class='ocr_line' id='line_1_14' title="bbox 187 1239 1702 1290; baseline -0.003 0"><span class='ocrx_word' id='word_1_107' title='bbox 187 1243 461 1290; x_wconf 90' lang='lat' dir='ltr'><strong>Plurimum</strong></span> <span class='ocrx_word' id='word_1_108' title='bbox 499 1244 634 1289; x_wconf 81' lang='lat' dir='ltr'><strong>enim</strong></span> <span class='ocrx_word' id='word_1_109' title='bbox 668 1244 912 1288; x_wconf 86' lang='lat' dir='ltr'><strong>interesse</strong></span> <span class='ocrx_word' id='word_1_110' title='bbox 947 1239 1194 1287; x_wconf 89' lang='lat' dir='ltr'><strong>concedes</strong></span> <span class='ocrx_word' id='word_1_111' title='bbox 1229 1245 1283 1286; x_wconf 89' lang='lat' dir='ltr'><strong>et</strong></span> <span class='ocrx_word' id='word_1_112' title='bbox 1316 1242 1451 1286; x_wconf 87' lang='lat' dir='ltr'><strong>inter</strong></span> <span class='ocrx_word' id='word_1_113' title='bbox 1484 1239 1702 1287; x_wconf 79' lang='lat' dir='ltr'><strong>ebrium‘·</strong></span> 
     </span>
     <span class='ocr_line' id='line_1_15' title="bbox 184 1321 1676 1385; baseline -0.003 -13"><span class='ocrx_word' id='word_1_114' title='bbox 184 1331 239 1372; x_wconf 90' lang='lat' dir='ltr'><strong>et</strong></span> <span class='ocrx_word' id='word_1_115' title='bbox 263 1325 526 1372; x_wconf 89' lang='lat' dir='ltr'><strong>ebriosum.</strong></span> <span class='ocrx_word' id='word_1_116' title='bbox 603 1321 777 1369; x_wconf 89' lang='lat' dir='ltr'><strong>Potest</strong></span> <span class='ocrx_word' id='word_1_117' title='bbox 801 1328 855 1369; x_wconf 88' lang='lat' dir='ltr'><strong>et</strong></span> <span class='ocrx_word' id='word_1_118' title='bbox 886 1325 972 1385; x_wconf 92' lang='lat' dir='ltr'><strong>qui</strong></span> <span class='ocrx_word' id='word_1_119' title='bbox 1005 1322 1171 1368; x_wconf 89' lang='lat' dir='ltr'><strong>ebrius</strong></span> <span class='ocrx_word' id='word_1_120' title='bbox 1196 1326 1291 1379; x_wconf 87' lang='lat' dir='ltr'><strong>est,</strong></span> <span class='ocrx_word' id='word_1_121' title='bbox 1313 1327 1437 1368; x_wconf 86' lang='lat' dir='ltr'><strong>tunc</strong></span> <span class='ocrx_word' id='word_1_122' title='bbox 1461 1324 1676 1384; x_wconf 88' lang='lat' dir='ltr'><strong>primum</strong></span> 
     </span>
     <span class='ocr_line' id='line_1_16' title="bbox 185 1403 1636 1468; baseline -0.002 -15"><span class='ocrx_word' id='word_1_123' title='bbox 185 1423 293 1454; x_wconf 91' lang='lat' dir='ltr'><strong>esse</strong></span> <span class='ocrx_word' id='word_1_124' title='bbox 339 1421 435 1453; x_wconf 93' lang='lat' dir='ltr'><strong>nec</strong></span> <span class='ocrx_word' id='word_1_125' title='bbox 481 1404 667 1451; x_wconf 87' lang='lat' dir='ltr'><strong>habere</strong></span> <span class='ocrx_word' id='word_1_126' title='bbox 708 1403 805 1451; x_wconf 91' lang='lat' dir='ltr'><strong>hoc</strong></span> <span class='ocrx_word' id='word_1_127' title='bbox 850 1406 1046 1461; x_wconf 90' lang='lat' dir='ltr'><strong>vitium,</strong></span> <span class='ocrx_word' id='word_1_128' title='bbox 1088 1409 1143 1450; x_wconf 91' lang='lat' dir='ltr'><strong>et</strong></span> <span class='ocrx_word' id='word_1_129' title='bbox 1188 1406 1275 1468; x_wconf 91' lang='lat' dir='ltr'><strong>qui</strong></span> <span class='ocrx_word' id='word_1_130' title='bbox 1321 1403 1542 1450; x_wconf 88' lang='lat' dir='ltr'><strong>ebriosus</strong></span> <span class='ocrx_word' id='word_1_131' title='bbox 1583 1419 1636 1451; x_wconf 90' lang='lat' dir='ltr'><strong>es</strong></span> 
     </span>
     <span class='ocr_line' id='line_1_17' title="bbox 184 1483 1660 1551; baseline -0.003 -15"><span class='ocrx_word' id='word_1_132' title='bbox 184 1504 334 1551; x_wconf 84' lang='lat' dir='ltr'><strong>saepe</strong></span> <span class='ocrx_word' id='word_1_133' title='bbox 371 1493 513 1534; x_wconf 85' lang='lat' dir='ltr'><strong>extra</strong></span> <span class='ocrx_word' id='word_1_134' title='bbox 548 1486 848 1533; x_wconf 89' lang='lat' dir='ltr'><strong>ebrietatem</strong></span> <span class='ocrx_word' id='word_1_135' title='bbox 890 1500 1012 1532; x_wconf 90' lang='lat' dir='ltr'><strong>esse.</strong></span> <span class='ocrx_word' id='word_1_136' title='bbox 1104 1483 1282 1548; x_wconf 88' lang='lat' dir='ltr'><strong>Itaque</strong></span> <span class='ocrx_word' id='word_1_137' title='bbox 1322 1483 1375 1531; x_wconf 93' lang='lat' dir='ltr'><strong>id</strong></span> <span class='ocrx_word' id='word_1_138' title='bbox 1415 1484 1660 1549; x_wconf 86' lang='lat' dir='ltr'><strong>intellego</strong></span> 
     </span>
     <span class='ocr_line' id='line_1_18' title="bbox 182 1565 1642 1634; baseline -0.003 -16"><span class='ocrx_word' id='word_1_139' title='bbox 182 1570 317 1634; x_wconf 91' lang='lat' dir='ltr'><strong>quod</strong></span> <span class='ocrx_word' id='word_1_140' title='bbox 354 1567 618 1633; x_wconf 87' lang='lat' dir='ltr'><strong>significari</strong></span> <span class='ocrx_word' id='word_1_141' title='bbox 651 1567 803 1614; x_wconf 89' lang='lat' dir='ltr'><strong>verbo</strong></span> <span class='ocrx_word' id='word_1_142' title='bbox 838 1570 936 1614; x_wconf 92' lang='lat' dir='ltr'><strong>isto</strong></span> <span class='ocrx_word' id='word_1_143' title='bbox 971 1565 1117 1624; x_wconf 89' lang='lat' dir='ltr'><strong>solet,</strong></span> <span class='ocrx_word' id='word_1_144' title='bbox 1142 1569 1436 1629; x_wconf 86' lang='lat' dir='ltr'><strong>praesertim</strong></span> <span class='ocrx_word' id='word_1_145' title='bbox 1468 1583 1582 1613; x_wconf 90' lang='lat' dir='ltr'><strong>cum</strong></span> <span class='ocrx_word' id='word_1_146' title='bbox 1613 1584 1642 1614; x_wconf 87' lang='lat' dir='ltr'><strong>a</strong></span> 
     </span>
     <span class='ocr_line' id='line_1_19' title="bbox 184 1647 1654 1713; baseline -0.002 -14"><span class='ocrx_word' id='word_1_147' title='bbox 184 1652 387 1699; x_wconf 92' lang='lat' dir='ltr'><strong>homine</strong></span> <span class='ocrx_word' id='word_1_148' title='bbox 422 1649 740 1713; x_wconf 86' lang='lat' dir='ltr'><strong>diligentiam</strong></span> <span class='ocrx_word' id='word_1_149' title='bbox 776 1647 999 1712; x_wconf 87' lang='lat' dir='ltr'><strong>professo</strong></span> <span class='ocrx_word' id='word_1_150' title='bbox 1034 1654 1252 1711; x_wconf 86' lang='lat' dir='ltr'><strong>ponatur</strong></span> <span class='ocrx_word' id='word_1_151' title='bbox 1287 1654 1341 1695; x_wconf 92' lang='lat' dir='ltr'><strong>et</strong></span> <span class='ocrx_word' id='word_1_152' title='bbox 1379 1648 1526 1696; x_wconf 89' lang='lat' dir='ltr'><strong>verba</strong></span> <span class='ocrx_word' id='word_1_153' title='bbox 1562 1665 1654 1697; x_wconf 82' lang='lat' dir='ltr'><strong>exa</strong></span> 
     </span>
     <span class='ocr_line' id='line_1_20' title="bbox 182 1729 1640 1794; baseline -0.001 -13"><span class='ocrx_word' id='word_1_154' title='bbox 182 1737 424 1781; x_wconf 81' lang='lat' dir='ltr'><strong>minante.</strong></span> <span class='ocrx_word' id='word_1_155' title='bbox 498 1731 658 1778; x_wconf 90' lang='lat' dir='ltr'><strong>Adice</strong></span> <span class='ocrx_word' id='word_1_156' title='bbox 687 1747 822 1778; x_wconf 90' lang='lat' dir='ltr'><strong>nunc</strong></span> <span class='ocrx_word' id='word_1_157' title='bbox 851 1729 1002 1794; x_wconf 88' lang='lat' dir='ltr'><strong>quod,</strong></span> <span class='ocrx_word' id='word_1_158' title='bbox 1027 1734 1068 1778; x_wconf 91' lang='lat' dir='ltr'><strong>si</strong></span> <span class='ocrx_word' id='word_1_159' title='bbox 1100 1729 1195 1777; x_wconf 93' lang='lat' dir='ltr'><strong>hoc</strong></span> <span class='ocrx_word' id='word_1_160' title='bbox 1223 1730 1477 1778; x_wconf 89' lang='lat' dir='ltr'><strong>intellexit</strong></span> <span class='ocrx_word' id='word_1_161' title='bbox 1505 1731 1640 1779; x_wconf 88' lang='lat' dir='ltr'><strong>Zeno</strong></span> 
     </span>
     <span class='ocr_line' id='line_1_21' title="bbox 184 1812 1651 1876; baseline -0.002 -13"><span class='ocrx_word' id='word_1_162' title='bbox 184 1822 240 1863; x_wconf 91' lang='lat' dir='ltr'><strong>et</strong></span> <span class='ocrx_word' id='word_1_163' title='bbox 270 1830 360 1862; x_wconf 92' lang='lat' dir='ltr'><strong>nos</strong></span> <span class='ocrx_word' id='word_1_164' title='bbox 387 1813 690 1876; x_wconf 89' lang='lat' dir='ltr'><strong>intellegere</strong></span> <span class='ocrx_word' id='word_1_165' title='bbox 726 1812 902 1871; x_wconf 91' lang='lat' dir='ltr'><strong>voluit,</strong></span> <span class='ocrx_word' id='word_1_166' title='bbox 925 1812 1257 1875; x_wconf 80' lang='lat' dir='ltr'><strong>ambiguitate</strong></span> <span class='ocrx_word' id='word_1_167' title='bbox 1291 1813 1428 1860; x_wconf 89' lang='lat' dir='ltr'><strong>verbi</strong></span> <span class='ocrx_word' id='word_1_168' title='bbox 1463 1817 1651 1876; x_wconf 91' lang='lat' dir='ltr'><strong>quaesii</strong></span> 
     </span>
     <span class='ocr_line' id='line_1_22' title="bbox 182 1893 1652 1958; baseline -0.001 -14"><span class='ocrx_word' id='word_1_169' title='bbox 182 1897 349 1945; x_wconf 90' lang='lat' dir='ltr'><strong>locum</strong></span> <span class='ocrx_word' id='word_1_170' title='bbox 384 1894 564 1954; x_wconf 86' lang='lat' dir='ltr'><strong>fraudi,</strong></span> <span class='ocrx_word' id='word_1_171' title='bbox 599 1893 734 1958; x_wconf 90' lang='lat' dir='ltr'><strong>quod</strong></span> <span class='ocrx_word' id='word_1_172' title='bbox 774 1893 1063 1941; x_wconf 87' lang='lat' dir='ltr'><strong>faciendum</strong></span> <span class='ocrx_word' id='word_1_173' title='bbox 1103 1909 1206 1940; x_wconf 91' lang='lat' dir='ltr'><strong>non</strong></span> <span class='ocrx_word' id='word_1_174' title='bbox 1247 1899 1341 1952; x_wconf 91' lang='lat' dir='ltr'><strong>est,</strong></span> <span class='ocrx_word' id='word_1_175' title='bbox 1374 1894 1460 1941; x_wconf 92' lang='lat' dir='ltr'><strong>ubi</strong></span> <span class='ocrx_word' id='word_1_176' title='bbox 1495 1898 1652 1942; x_wconf 86' lang='lat' dir='ltr'><strong>verita</strong></span> 
     </span>
    </p>
   </div>
   <div class='ocr_carea' id='block_1_3' title="bbox 1636 1150 1702 2016">
    <p class='ocr_par' dir='ltr' id='par_1_3' title="bbox 1636 1150 1702 2016">
     <span class='ocr_line' id='line_1_23' title="bbox 1675 1150 1702 1315; baseline 0 0"><span class='ocrx_word' id='word_1_177' title='bbox 1675 1150 1702 1315; x_wconf 95' lang='lat' dir='ltr'><strong>   </strong></span> 
     </span>
     <span class='ocr_line' id='line_1_24' title="bbox 1636 1315 1699 1450; baseline 0 -33"><span class='ocrx_word' id='word_1_178' title='bbox 1636 1315 1699 1450; x_wconf 95' lang='lat' dir='ltr'><strong>  </strong></span> 
     </span>
     <span class='ocr_line' id='line_1_25' title="bbox 1643 1450 1700 1614; baseline 0 0"><span class='ocrx_word' id='word_1_179' title='bbox 1643 1450 1700 1614; x_wconf 95' lang='lat' dir='ltr'><strong>   </strong></span> 
     </span>
     <span class='ocr_line' id='line_1_26' title="bbox 1641 1614 1698 1780; baseline 0 0"><span class='ocrx_word' id='word_1_180' title='bbox 1641 1614 1698 1780; x_wconf 95' lang='lat' dir='ltr'><strong>   </strong></span> 
     </span>
     <span class='ocr_line' id='line_1_27' title="bbox 1653 1780 1693 2016; baseline 0 0"><span class='ocrx_word' id='word_1_181' title='bbox 1653 1780 1693 2016; x_wconf 95' lang='lat' dir='ltr'><strong>  </strong></span> 
     </span>
    </p>
   </div>
   <div class='ocr_carea' id='block_1_4' title="bbox 102 1982 1702 2132">
    <p class='ocr_par' dir='ltr' id='par_1_4' title="bbox 102 1982 1702 2132">
     <span class='ocr_line' id='line_1_28' title="bbox 219 1982 451 2027; baseline -0.009 0"><span class='ocrx_word' id='word_1_182' title='bbox 219 1982 451 2027; x_wconf 88' lang='lat' dir='ltr'><strong>uaeritur.</strong></span> 
     </span>
     <span class='ocr_line' id='line_1_29' title="bbox 102 1997 1702 2132; baseline -0.002 -23"><span class='ocrx_word' id='word_1_183' title='bbox 102 2067 160 2115; x_wconf 87' lang='lat'><strong>12</strong></span> <span class='ocrx_word' id='word_1_184' title='bbox 183 1997 217 2044; x_wconf 77' lang='lat' dir='ltr'>q</span> <span class='ocrx_word' id='word_1_185' title='bbox 268 2060 371 2108; x_wconf 94' lang='lat' dir='ltr'><strong>Sed</strong></span> <span class='ocrx_word' id='word_1_186' title='bbox 395 2073 514 2106; x_wconf 87' lang='lat' dir='ltr'><strong>sane</strong></span> <span class='ocrx_word' id='word_1_187' title='bbox 546 2056 643 2104; x_wconf 89' lang='lat' dir='ltr'><strong>hoc</strong></span> <span class='ocrx_word' id='word_1_188' title='bbox 671 2061 915 2114; x_wconf 83' lang='lat' dir='ltr'><strong>senserit3</strong></span> <span class='ocrx_word' id='word_1_189' title='bbox 951 2056 1086 2120; x_wconf 93' lang='lat' dir='ltr'><strong>quod</strong></span> <span class='ocrx_word' id='word_1_190' title='bbox 1110 2059 1351 2120; x_wconf 89' lang='lat' dir='ltr'><strong>sequitur,</strong></span> <span class='ocrx_word' id='word_1_191' title='bbox 1376 2055 1556 2105; x_wconf 86' lang='lat' dir='ltr'><strong>falsum</strong></span> <span class='ocrx_word' id='word_1_192' title='bbox 1581 2063 1702 2132; x_wconf 43' lang='lat' dir='ltr'><strong>est4</strong></span> 
     </span>
    </p>
   </div>
   <div class='ocr_carea' id='block_1_5' title="bbox 181 2139 1702 2369">
    <p class='ocr_par' dir='ltr' id='par_1_5' title="bbox 181 2133 1702 2369">
     <span class='ocr_line' id='line_1_30' title="bbox 182 2139 1622 2206; baseline -0.001 -14"><span class='ocrx_word' id='word_1_193' title='bbox 182 2146 231 2192; x_wconf 85' lang='lat' dir='ltr'><strong>ei</strong></span> <span class='ocrx_word' id='word_1_194' title='bbox 271 2145 357 2206; x_wconf 93' lang='lat' dir='ltr'><strong>qui</strong></span> <span class='ocrx_word' id='word_1_195' title='bbox 399 2142 558 2190; x_wconf 87' lang='lat' dir='ltr'><strong>soleat</strong></span> <span class='ocrx_word' id='word_1_196' title='bbox 598 2141 765 2188; x_wconf 89' lang='lat' dir='ltr'><strong>ebrius</strong></span> <span class='ocrx_word' id='word_1_197' title='bbox 806 2139 927 2198; x_wconf 89' lang='lat' dir='ltr'><strong>fieri,</strong></span> <span class='ocrx_word' id='word_1_198' title='bbox 968 2157 1071 2188; x_wconf 92' lang='lat' dir='ltr'><strong>non</strong></span> <span class='ocrx_word' id='word_1_199' title='bbox 1112 2144 1360 2188; x_wconf 82' lang='lat' dir='ltr'><strong>committi</strong></span> <span class='ocrx_word' id='word_1_200' title='bbox 1395 2157 1622 2190; x_wconf 88' lang='lat' dir='ltr'><strong>sermone</strong></span> 
     </span>
     <span class='ocr_line' id='line_1_31' title="bbox 182 2150 1699 2291; baseline -0.001 -19"><span class='ocrx_word' id='word_1_201' title='bbox 182 2231 446 2272; x_wconf 86' lang='lat' dir='ltr'><strong>secretum.</strong></span> <span class='ocrx_word' id='word_1_202' title='bbox 520 2223 698 2286; x_wconf 86' lang='lat' dir='ltr'><strong>Cogita</strong></span> <span class='ocrx_word' id='word_1_203' title='bbox 733 2226 884 2279; x_wconf 90' lang='lat' dir='ltr'><strong>enim,</strong></span> <span class='ocrx_word' id='word_1_204' title='bbox 909 2239 1058 2285; x_wconf 89' lang='lat' dir='ltr'><strong>quam</strong></span> <span class='ocrx_word' id='word_1_205' title='bbox 1089 2222 1263 2270; x_wconf 89' lang='lat' dir='ltr'><strong>multis</strong></span> <span class='ocrx_word' id='word_1_206' title='bbox 1297 2223 1539 2270; x_wconf 90' lang='lat' dir='ltr'><strong>militibus</strong></span> <span class='ocrx_word' id='word_1_207' title='bbox 1573 2150 1699 2291; x_wconf 49' lang='lat' dir='ltr'><strong>nd}</strong></span> 
     </span>
     <span class='ocr_line' id='line_1_32' title="bbox 181 2295 1702 2369; baseline -0.002 -15"><span class='ocrx_word' id='word_1_208' title='bbox 181 2322 380 2369; x_wconf 90' lang='lat' dir='ltr'><strong>semper</strong></span> <span class='ocrx_word' id='word_1_209' title='bbox 413 2306 587 2353; x_wconf 89' lang='lat' dir='ltr'><strong>sobriis</strong></span> <span class='ocrx_word' id='word_1_210' title='bbox 622 2310 676 2352; x_wconf 92' lang='lat' dir='ltr'><strong>et</strong></span> <span class='ocrx_word' id='word_1_211' title='bbox 709 2307 979 2367; x_wconf 86' lang='lat' dir='ltr'><strong>imperator</strong></span> <span class='ocrx_word' id='word_1_212' title='bbox 1013 2310 1068 2351; x_wconf 90' lang='lat' dir='ltr'><strong>et</strong></span> <span class='ocrx_word' id='word_1_213' title='bbox 1100 2305 1331 2351; x_wconf 90' lang='lat' dir='ltr'><strong>tribunus</strong></span> <span class='ocrx_word' id='word_1_214' title='bbox 1364 2311 1419 2353; x_wconf 85' lang='lat' dir='ltr'><strong>et</strong></span> <span class='ocrx_word' id='word_1_215' title='bbox 1449 2309 1643 2353; x_wconf 89' lang='lat' dir='ltr'><strong>centuri</strong></span> <span class='ocrx_word' id='word_1_216' title='bbox 1695 2295 1702 2342; x_wconf 90' lang='grc'><strong>1</strong></span> 
     </span>
    </p>
   </div>
   <div class='ocr_carea' id='block_1_6' title="bbox 188 2397 1702 2419">
    <p class='ocr_par' dir='ltr' id='par_1_6' title="bbox 188 2397 1702 2419">
     <span class='ocr_line' id='line_1_33' title="bbox 188 2397 1702 2419; baseline 0 499"><span class='ocrx_word' id='word_1_217' title='bbox 188 2397 1702 2419; x_wconf 95' lang='lat' dir='ltr'><strong> </strong></span> 
     </span>
    </p>
   </div>
   <div class='ocr_carea' id='block_1_7' title="bbox 181 2423 1702 2668">
    <p class='ocr_par' dir='ltr' id='par_1_7' title="bbox 181 2423 1702 2668">
     <span class='ocr_line' id='line_1_34' title="bbox 248 2423 1702 2499; baseline -0.001 -12"><span class='ocrx_word' id='word_1_218' title='bbox 248 2452 271 2473; x_wconf 80' lang='lat'><em>⁰</em></span> <span class='ocrx_word' id='word_1_219' title='bbox 301 2443 369 2499; x_wconf 83' lang='lat' dir='ltr'><strong>Gf.</strong></span> <span class='ocrx_word' id='word_1_220' title='bbox 402 2443 491 2499; x_wconf 80' lang='lat' dir='ltr'><strong>Ep.</strong></span> <span class='ocrx_word' id='word_1_221' title='bbox 527 2443 632 2485; x_wconf 84' lang='lat' dir='ltr'><strong>xlix.</strong></span> <span class='ocrx_word' id='word_1_222' title='bbox 665 2446 691 2484; x_wconf 83' lang='lat'>8</span> <span class='ocrx_word' id='word_1_223' title='bbox 727 2443 843 2498; x_wconf 78' lang='lat' dir='ltr'><strong>quod</strong></span> <span class='ocrx_word' id='word_1_224' title='bbox 877 2457 969 2484; x_wconf 82' lang='lat' dir='ltr'><strong>non</strong></span> <span class='ocrx_word' id='word_1_225' title='bbox 1013 2443 1265 2497; x_wconf 73' lang='lat' dir='ltr'><strong>perdidisti,</strong></span> <span class='ocrx_word' id='word_1_226' title='bbox 1305 2443 1432 2486; x_wconf 74' lang='lat' dir='ltr'><strong>habes</strong></span> <span class='ocrx_word' id='word_1_227' title='bbox 1444 2459 1466 2494; x_wconf 91' lang='lat'><strong>,·</strong></span> <span class='ocrx_word' id='word_1_228' title='bbox 1512 2459 1615 2486; x_wconf 79' lang='lat' dir='ltr'><strong>corn</strong></span> <span class='ocrx_word' id='word_1_229' title='bbox 1694 2423 1702 2486; x_wconf 16' lang='lat'><strong>,¹</strong></span> 
     </span>
     <span class='ocr_line' id='line_1_35' title="bbox 181 2497 1603 2552; baseline -0.001 -11"><span class='ocrx_word' id='word_1_230' title='bbox 181 2505 327 2541; x_wconf 81' lang='lat' dir='ltr'><strong>autem</strong></span> <span class='ocrx_word' id='word_1_231' title='bbox 337 2512 427 2540; x_wconf 78' lang='lat' dir='ltr'><strong>non</strong></span> <span class='ocrx_word' id='word_1_232' title='bbox 441 2497 677 2552; x_wconf 72' lang='lat' dir='ltr'><strong>perdidisti</strong></span> <span class='ocrx_word' id='word_1_233' title='bbox 691 2512 712 2547; x_wconf 90' lang='lat'><strong>,·</strong></span> <span class='ocrx_word' id='word_1_234' title='bbox 738 2511 904 2539; x_wconf 76' lang='lat' dir='ltr'><strong>cornua</strong></span> <span class='ocrx_word' id='word_1_235' title='bbox 915 2510 1015 2550; x_wconf 73' lang='lat' dir='ltr'><strong>erqo</strong></span> <span class='ocrx_word' id='word_1_236' title='bbox 1028 2497 1318 2546; x_wconf 50' lang='lat' dir='ltr'><strong>habea-and</strong></span> <span class='ocrx_word' id='word_1_237' title='bbox 1329 2498 1408 2539; x_wconf 89' lang='lat' dir='ltr'><strong>the</strong></span> <span class='ocrx_word' id='word_1_238' title='bbox 1420 2498 1603 2552; x_wconf 88' lang='lat' dir='ltr'><strong>syllogis</strong></span> 
     </span>
     <span class='ocr_line' id='line_1_36' title="bbox 181 2551 1695 2668; baseline -0.001 -74"><span class='ocrx_word' id='word_1_239' title='bbox 181 2555 314 2668; x_wconf 56' lang='grc' dir='ltr'>Ξίδνῖῐι</span> <span class='ocrx_word' id='word_1_240' title='bbox 334 2554 380 2594; x_wconf 90' lang='lat' dir='ltr'><strong>in</strong></span> <span class='ocrx_word' id='word_1_241' title='bbox 400 2552 488 2606; x_wconf 78' lang='lat' dir='ltr'><strong>Ep.</strong></span> <span class='ocrx_word' id='word_1_242' title='bbox 509 2551 643 2593; x_wconf 84' lang='lat' dir='ltr'><strong>xlviii.</strong></span> <span class='ocrx_word' id='word_1_243' title='bbox 1675 2551 1677 2555; x_wconf 79' lang='grc'><strong>’</strong></span> <span class='ocrx_word' id='word_1_244' title='bbox 1694 2560 1695 2563; x_wconf 77' lang='grc'>’</span> 
     </span>
    </p>
   </div>
  </div>
 </body>
</html>
