1702 2918
437 163 585 213 THE
619 165 940 215 EPISTLES
976 166 1067 216 OF
1102 167 1367 217 SENECA

106 273 135 320 3
156 285 306 316 nemo
343 271 603 321 deliberat.
693 273 830 322 Scire
876 275 1034 323 debet
1073 277 1195 340 quid
1234 284 1380 341 petat
1418 279 1521 338 ille,
1562 283 1646 344 qui

90 382 100 384 ἡ
157 351 391 410 sagittam
415 349 526 397 vult
559 354 780 410 mittere,
805 358 859 399 et
892 359 1016 400 tunc
1050 353 1280 418 derigere
1314 372 1372 403 ac
1403 357 1647 404 moderari

154 440 307 472 manu
326 426 498 474 telum.
571 428 754 476 Errant
771 430 975 477 consilia
993 437 1176 490 nostra,
1190 436 1306 495 quia
1323 450 1426 480 non
1442 433 1649 494 habent,

156 517 256 565 quo
301 502 607 567 derigantur.
704 506 979 569 Ignoranti,
1025 525 1177 572 quem
1233 517 1434 573 portum
1490 518 1650 575 petat,

156 579 325 626 nullus
349 597 465 629 suus
490 589 670 631 ventus
702 590 792 632 est.
869 585 1085 634 Necesse
1117 593 1196 635 est
1226 588 1442 635 multum
1473 592 1526 636 in
1549 592 1650 637 vita

111 659 143 707 4
160 663 329 704 nostra
360 675 500 707 casus
532 664 704 723 possit,
736 666 853 725 quia
883 666 1093 712 vivimus
1124 681 1252 713 casu.
1340 665 1651 724 Quibusdam

158 741 328 782 autem
347 741 534 796 evenit,
550 745 608 786 ut
625 739 872 803 quaedam
887 745 1012 789 scire
1027 758 1080 790 se
1095 746 1336 791 nesciant.
1398 743 1651 803 Quemad-

157 813 362 861 modum
393 819 676 879 quaerimus
700 833 850 881 saepe
875 835 976 877 eOS,
1000 835 1115 867 cum
1143 821 1322 884 quibus
1354 828 1558 881 stamuS,
1581 826 1650 870 ita

156 890 453 956 plerumque
478 893 629 941 finem
652 899 832 942 summi
856 897 975 943 boni
998 901 1283 961 ignoramus
1306 900 1603 963 adpositum.

244 970 350 1017 Nec
385 970 557 1019 multis
592 973 755 1020 verbis
790 990 885 1021 nec
920 977 1183 1023 circumitu
1217 976 1386 1042 longo,
1416 979 1552 1043 quod
1586 983 1651 1027 sit

156 1064 407 1095 summum
453 1050 656 1109 bonum,
699 1051 968 1115 colliges13
1026 1053 1204 1118 digito,
1250 1061 1310 1103 ut
1354 1059 1426 1103 ita
1470 1057 1650 1116 dicam,

156 1125 601 1175 demonstrandum
621 1135 698 1176 est
722 1146 817 1177 nec
840 1133 893 1177 in
918 1131 1078 1179 multa
1096 1133 1442 1196 spargendum.
1515 1133 1650 1193 Quid

157 1208 294 1252 enim
327 1205 390 1252 ad
426 1222 531 1253 rem
567 1211 791 1270 pertinet
829 1211 882 1255 in
921 1210 1187 1272 particulas
1227 1210 1355 1259 illud
1395 1212 1650 1272 diducere,

157 1299 272 1330 cum
331 1288 487 1347 possis
547 1285 744 1333 dicere:
816 1303 1066 1335 summum
1123 1289 1309 1336 bonum
1368 1297 1462 1350 est,
1515 1292 1650 1356 quod

157 1361 427 1410 honestum
468 1364 580 1410 est?
667 1363 736 1412 Et
775 1365 911 1428 quod
951 1370 1110 1430 magis
1155 1367 1444 1417 admireris:
1494 1387 1650 1418 unum

156 1440 345 1487 bonum
402 1447 496 1499 est,
541 1441 677 1505 quod
734 1442 1004 1491 honestum
1061 1451 1156 1504 est,
1203 1452 1372 1494 cetera
1417 1446 1540 1495 falsa
1597 1455 1650 1496 et

103 1526 135 1574 5
155 1518 438 1565 adulterina
483 1519 615 1566 bona
653 1526 786 1568 sunt.
884 1521 998 1569 Hoc
1036 1525 1077 1570 si
1123 1528 1422 1586 persuaseris
1467 1526 1560 1573 tibi
1596 1533 1650 1574 et

155 1600 394 1644 virtutem
424 1596 747 1657 adamaveris,
782 1615 948 1647 amare
991 1603 1127 1648 enim
1166 1617 1341 1664 parum
1382 1609 1475 1662 est,
1513 1607 1649 1668 quic-

154 1675 276 1738 quid
311 1674 398 1722 illa
432 1679 719 1740 contigerit,
747 1676 801 1724 id
835 1678 945 1736 tibi,
974 1678 1339 1743 qualecumque
1373 1680 1481 1728 aliis
1513 1681 1649 1730 vide-

153 1754 306 1811 bitur,
341 1752 561 1801 faustum
595 1753 817 1818 felixque
853 1759 961 1804 erit.
1033 1756 1103 1804 Et
1142 1761 1379 1822 torqueri,
1420 1762 1461 1806 si
1501 1759 1650 1807 modo

154 1834 363 1879 iacueris
390 1835 498 1894 ipso
530 1838 799 1896 torquente
831 1837 1063 1893 securior,
1093 1841 1147 1882 et
1176 1842 1453 1899 aegrotare,
1477 1840 1518 1885 si
1548 1854 1650 1885 non

154 1910 286 1957 male
321 1909 504 1958 dixeris
536 1909 784 1970 fortunae,
819 1915 860 1959 si
895 1929 996 1959 non
1032 1917 1237 1961 cesseris
1267 1915 1456 1974 morbo,
1484 1919 1649 1963 omnia

155 1988 391 2052 denique,
416 2005 544 2052 quae
576 1993 757 2037 ceteris
788 1990 1024 2038 videntur
1049 1991 1196 2050 mala,
1221 1997 1275 2039 et
1297 2001 1650 2042 mansuescent

155 2073 209 2115 et
232 2070 286 2114 in
309 2067 497 2114 bonum
520 2068 749 2126 abibunt,
772 2071 813 2115 si
836 2084 986 2132 super
1008 2068 1093 2116 illa
1116 2072 1396 2118 eminueris.

242 2145 357 2192 Hoc
388 2145 593 2209 liqueat,
628 2145 754 2193 nihil
787 2162 896 2194 esse
927 2146 1115 2194 bonum
1146 2151 1241 2195 nisi
1273 2147 1558 2209 honestum,
1595 2157 1649 2198 et

154 2226 322 2270 omnia
354 2222 670 2270 incommoda
706 2239 796 2271 suo
835 2227 943 2271 iure
983 2224 1116 2271 bona
1155 2226 1478 2285 vocabuntur,
1519 2243 1647 2291 quae

496 2330 511 2356 ¹
540 2330 709 2385 colliqes
728 2329 962 2381 Muretus;
990 2332 1155 2387 colliyis
1174 2331 1304 2376 MSS.

220 2446 241 2466 α
271 2437 359 2480 For
371 2451 400 2479 a
413 2437 645 2480 definition
665 2437 717 2480 of
730 2438 954 2481 honestwm
972 2451 1048 2481 see
1062 2438 1231 2488 Cicero,
1248 2440 1314 2483 De
1329 2441 1425 2482 Fin.
1448 2443 1489 2482 ii.
1506 2445 1558 2483 45
1578 2442 1643 2490 ff.‚

153 2492 244 2534 and
265 2491 537 2534 Ravkham’s
558 2497 677 2541 note,
696 2493 951 2548 explaining
971 2495 1008 2536 it
1025 2507 1076 2536 as
1097 2499 1128 2518 ‘⁸
1142 2498 1189 2536 τὸ
1208 2498 1347 2545 καλόν,
1363 2495 1441 2537 the
1460 2496 1645 2551 morally
1698 2529 1702 2557 Ε

153 2546 372 2589 beautiful
390 2560 441 2588 or
458 2546 623 2601 good.‘’

157 2614 220 2659 74
