1702 2918
489 197 637 245 THE
673 198 993 248 EPISTLES
1029 201 1120 248 OF
1153 202 1420 250 SENECA

208 312 467 369 pateretur
501 310 705 355 animo?
790 308 926 366 Quid
973 314 1108 358 enim
1144 315 1436 359 mutationis
1477 314 1702 376 periculo

207 405 512 464 exceptum?
596 402 710 450 Non
744 409 892 462 terra,
927 421 1029 451 non
1064 405 1274 465 caelum,
1310 424 1412 454 non
1446 415 1583 457 totus
1617 407 1699 459 hi*

209 513 374 544 rerum
438 501 661 544 omnium
725 505 1007 558 contextus,
1068 505 1291 564 quamvis
1354 502 1451 551 deo
1512 425 1702 656 agent}

207 591 430 639 ducatur.
523 593 637 639 Non
679 609 878 657 semper
915 596 1115 644 tenebit
1155 595 1289 643 hunc
1331 597 1574 658 ordinem,
1610 617 1664 649 se

130 689 188 737 13
206 685 349 732 illum
378 702 441 734 ex
471 686 566 734 hoc
591 704 735 735 cursu
759 689 937 753 aliquis
972 690 1080 738 dies
1112 691 1312 740 deiciet.
1385 692 1545 742 Certis
1578 701 1702 745 eunt

207 787 389 828 cuncta
420 783 758 845 temporibus3
792 787 928 830 nasci
959 784 1168 845 debent,
1191 803 1430 846 crescere,
1456 792 1697 854 extingui.

206 875 568 941 Quaecumque
592 894 740 941 supra
763 894 853 925 nos
876 879 1016 927 vides
1041 897 1254 940 currere,
1278 887 1333 930 et
1356 881 1496 942 haec,
1521 885 1702 948 quibus

205 975 406 1022 inmixti
461 978 615 1037 atque
672 976 877 1036 inpositi
933 990 1102 1023 sumus
1159 975 1318 1024 veluti
1376 977 1683 1029 solidissimis

206 1075 474 1133 carpentur
502 1084 561 1115 ac
589 1067 837 1116 desinent.
911 1069 1050 1116 Nulli
1078 1087 1181 1118 non
1211 1077 1445 1120 senectus
1476 1090 1564 1121 sua
1592 1080 1702 1135 est}

203 1163 548 1228 inaequalibus
611 1165 707 1210 ista
763 1167 936 1227 spatiis
993 1165 1174 1213 eodem
1231 1173 1409 1215 natura
1470 1168 1702 1219 dimittit.

205 1258 457 1324 Quicquid
494 1264 589 1317 est,
624 1274 727 1305 non
762 1262 872 1319 erit,
910 1275 1006 1307 nec
1038 1261 1246 1321 peribit,
1283 1262 1374 1310 sed
1409 1263 1694 1314 resolvetur.

124 1356 185 1404 14
208 1355 363 1402 Nobis
397 1353 521 1402 solvi
556 1357 719 1416 perire
756 1360 848 1412 est,
884 1358 1108 1418 proxima
1144 1359 1279 1403 enim
1314 1359 1598 1417 intuemur3
1634 1359 1697 1408 ad

204 1450 442 1498 ulteriora
464 1465 567 1496 non
590 1452 829 1512 prospicit
853 1466 994 1498 mens
1018 1450 1175 1499 hebes
1200 1458 1254 1499 et
1276 1468 1405 1516 quae
1429 1469 1483 1501 se
1507 1458 1697 1518 corpori

203 1545 482 1602 addixerit3
555 1543 741 1607 alioqui
803 1543 980 1591 fortius
1044 1544 1195 1593 finem
1259 1550 1334 1594 sui
1398 1564 1699 1614 suorumque

203 1646 479 1705 pateretur,
504 1642 545 1686 si
579 1645 820 1702 speraret,
843 1639 934 1687 utl
960 1643 1126 1687 omnia
1156 1640 1257 1700 illa,
1282 1645 1352 1689 sic
1384 1646 1538 1691 vitam
1569 1661 1698 1694 mor-

203 1741 410 1799 temque
442 1750 532 1797 per
555 1737 688 1780 vices
716 1736 789 1780 ire
821 1740 876 1780 et
907 1737 1182 1797 composita
1215 1735 1432 1795 dissolvi,
1457 1737 1698 1789 dissoluta

201 1833 450 1894 componi,
474 1833 527 1876 in
563 1828 657 1876 hoc
692 1845 844 1892 opere
879 1836 1137 1877 aeternam
1168 1837 1331 1878 artem
1363 1838 1544 1880 cuncta
1567 1839 1697 1883 tem·

203 1929 426 1989 pei-antis
451 1924 534 1972 dei
559 1927 700 1971 verti.

125 2025 181 2072 15
288 2021 467 2084 Itaque
483 2026 541 2067 ut
561 2019 628 2067 M.
653 2018 792 2078 Cato,
808 2036 923 2066 cum
937 2036 1116 2068 aevum
1131 2024 1297 2068 animo
1315 2023 1697 2087 percucurrerit,¹

202 2119 369 2167 dicet:
405 2123 437 2146 “
452 2133 601 2164 omne
619 2116 896 2164 humanum
914 2134 1091 2181 genus,
1109 2118 1345 2183 quodque
1365 2127 1443 2168 est
1461 2123 1702 2187 quodque.

202 2218 316 2272 erit,
351 2220 513 2261 morte
554 2213 849 2260 damnatum
887 2220 977 2261 est.
1075 2214 1282 2274 Omnes,
1318 2231 1447 2279 quae
1487 2234 1696 2282 usquam

201 2328 368 2360 rerum
392 2313 655 2373 potiuntur
672 2309 820 2357 urbes
838 2326 1068 2374 quaeque
1086 2310 1363 2359 alienorum
1377 2315 1697 2376 imperiorum

204 2422 386 2470 magna
409 2411 528 2453 sunt
558 2404 754 2463 decora,
778 2405 865 2452 ubi
897 2405 1102 2464 fuerint,
1127 2406 1397 2470 aliquando
1429 2407 1702 2473 quaeretur⁵

682 2501 697 2527 ¹
725 2507 775 2544 ut
794 2502 943 2544 added
961 2502 1025 2556 by
1044 2501 1212 2545 Haase.

483 2595 505 2618 ⁸
535 2588 602 2654 Cf.
633 2588 714 2644 Ep.
738 2590 796 2630 ix.
819 2591 868 2630 16
880 2588 912 2632 f.
934 2589 1121 2632 resoluto
1139 2590 1318 2638 mundo,
1338 2592 1425 2635 etc.

208 2661 274 2706 80
