1702 2918
457 127 604 173 THE
640 126 960 175 EPISTLES
999 127 1088 174 OF
1122 126 1388 175 SENECA

174 234 337 280 xanda
355 241 409 282 et
432 235 682 282 laudanda
700 242 754 283 et
778 236 1102 299 exaequanda
1124 240 1328 284 summis
1353 243 1482 283 sunt.
1552 236 1664 283 Non
1695 242 1702 290 Ι

173 321 343 376 potest
374 315 489 374 dici,
521 316 615 363 hoc
646 333 749 363 non
782 333 890 364 esse
922 334 1010 380 par
1039 321 1265 364 maximis
1297 318 1501 375 bonum,
1533 317 1667 380 quod
1696 328 1700 359 ι

74 385 87 387 ξ
173 396 350 444 beatae
370 400 502 444 vitae
527 397 799 444 clausulam
823 402 1060 461 inposuit,
1079 402 1159 445 cui
1178 399 1420 461 Epicurus
1445 404 1668 445 extrema
1697 377 1702 425 Ι

94 485 155 532 49
175 493 295 524 voce
336 482 520 540 gratias
568 482 687 542 egit.
775 479 1018 527 Permitte
1062 479 1203 538 mihi,
1245 479 1406 526 Lucili
1453 483 1668 526 virorum
1698 460 1702 558 ξ

173 561 380 621 optime,
405 559 596 623 aliquid
627 561 861 608 audacius
894 561 1090 609 dicere:
1128 565 1168 608 si
1200 561 1301 608 ulla
1332 561 1463 607 bona
1485 565 1668 608 maiora
1700 592 1702 625 Ι

175 655 283 686 esse
323 639 432 687 aliis
473 647 694 703 possent,
731 641 856 689 haec
898 659 1010 706 ego,
1047 659 1174 706 quae
1215 645 1378 689 tristia
1418 642 1668 700 videntur,
1701 662 1702 675 ¹

174 720 407 769 mollibus
441 722 538 770 illis
573 729 628 771 et
667 723 894 771 delicatis
929 724 1291 787 praetulissem,
1326 723 1451 771 haec
1486 727 1669 770 maiora

176 801 424 851 dixissem.
499 803 661 851 Maius
686 811 763 851 est
788 808 923 851 enim
947 804 1162 852 difficilia
1186 804 1494 868 perfringere
1520 820 1669 868 quam

91 889 156 936 50
174 883 308 931 laeta
347 885 606 932 moderari.
679 885 871 933 Eadem
905 889 1098 933 ratione
1133 886 1206 944 fit,
1242 889 1358 944 scio,
1394 892 1452 933 ut
1491 885 1669 949 aliquis

174 964 471 1013 felicitatem
517 967 649 1015 bene
696 974 750 1014 et
797 974 853 1014 ut
899 967 1236 1014 calamitatem
1282 966 1480 1015 fortiter
1524 967 1664 1015 ferat.

174 1046 353 1111 Aeque
372 1064 480 1096 esse
500 1047 640 1095 fortis
658 1055 843 1112 potest,
859 1052 944 1113 qui
963 1065 1052 1112 pro
1068 1049 1197 1096 vallo
1212 1065 1413 1097 securus
1432 1050 1670 1097 excubuit

173 1129 324 1175 nullis
370 1129 596 1178 hostibus
637 1137 798 1178 castra
836 1132 1202 1194 temptantibus
1244 1137 1299 1179 et
1337 1134 1423 1195 qui
1470 1134 1668 1178 succisis

174 1210 448 1273 poplitibus
494 1215 547 1258 in
593 1228 759 1274 genua
804 1228 857 1260 se
899 1216 1100 1275 excepit
1140 1229 1235 1260 nec
1274 1229 1410 1259 arma
1450 1212 1668 1269 dimisit3

175 1295 208 1319 “
224 1299 387 1339 macte
412 1295 597 1340 virtute
618 1299 727 1340 esto
744 1293 771 1309 '’
793 1293 1190 1357 sanguinolentis
1205 1294 1222 1324 1
1243 1310 1306 1341 ex
1324 1297 1430 1341 acie
1454 1294 1668 1341 redeun-

175 1374 310 1421 tibus
344 1373 539 1422 dicitur.
628 1375 806 1438 Itaque
843 1375 967 1423 haec
1002 1380 1160 1440 magis
1195 1375 1501 1423 laudaverim
1538 1376 1669 1423 bona

93 1453 150 1500 51
175 1459 395 1503 exercita
410 1463 464 1503 et
481 1455 629 1503 fortia
648 1462 701 1503 et
716 1473 830 1503 cum
847 1456 1047 1504 fortuna
1065 1461 1235 1505 rixata.
1298 1457 1406 1520 Ego
1422 1457 1667 1516 dubitem,

175 1541 297 1602 quin
347 1542 505 1602 magis
550 1538 751 1586 laudem
804 1545 1030 1586 truncam
1081 1540 1220 1586 illam
1272 1545 1325 1587 et
1375 1538 1667 1587 retorridam

117 1671 122 1674 ,
174 1636 378 1667 manum
428 1620 582 1667 Mucii
629 1637 778 1683 quam
825 1621 1090 1668 cuiuslibet
1141 1621 1395 1668 fortissimi
1447 1621 1667 1668 salvam?

176 1700 332 1749 Stetit
364 1701 584 1749 hostium
614 1701 1020 1766 flammarumque
1046 1709 1365 1766 contemptor
1387 1709 1441 1751 et
1463 1719 1666 1750 manum

175 1800 314 1830 suam
365 1787 419 1831 in
467 1783 636 1831 hostili
693 1783 858 1831 foculo
915 1783 1259 1832 destillantem
1315 1788 1666 1848 perspectavit,

174 1865 336 1912 donec
363 1864 630 1922 Porsenna,
655 1869 794 1912 cuius
818 1881 1009 1927 poenae
1034 1865 1250 1923 favebat,
1277 1865 1463 1928 gloriae
1487 1865 1668 1912 invidit

173 1954 228 1995 et
250 1951 422 2010 ignem
445 1950 604 1994 invito
628 1949 752 2009 eripi
775 1949 929 1994 iussit.

94 2034 153 2079 52
260 2030 375 2076 Hoc
393 2030 581 2076 bonum
599 2028 775 2091 quidni
793 2027 953 2076 inter²
971 2032 1130 2091 prima
1144 2044 1405 2076 numerem
1422 2035 1666 2092 tantoque

286 2114 371 2157 ¹et
373 2115 506 2194 2aster
523 2114 863 2178 sanquinolentis
882 2113 1059 2156 deleted
1078 2115 1141 2168 by
1161 2114 1541 2167 schweighauser.

373 2169 572 2223 2quidni
589 2159 704 2210 ἔπιον
722 2168 835 2210 later
855 2167 1019 2216 MSS.;
1047 2169 1154 2223 quid
1171 2170 1286 2210 inter
1305 2169 1463 2223 pVPb.

238 2254 499 2295 “Clausala
513 2253 610 2300 has,
598 2253 936 2349 ‚amonffiother
950 2255 1198 2307 meanings‚
1213 2253 1313 2296 that
1325 2254 1405 2296 of‘
1412 2261 1462 2295 ‘a
1480 2254 1635 2308 period
1643 2254 1666 2272 ''

172 2308 375 2362 (Quintil
400 2310 487 2350 viii.
512 2309 570 2360 5),
592 2308 716 2349 and‘
801 2321 827 2349 e
845 2307 1069 2361 rhythmic
1089 2308 1207 2350 close
1226 2309 1278 2350 of
1296 2322 1325 2350 a
1342 2309 1534 2362 period'’
1551 2308 1661 2362 (Cic.

172 2363 378 2457 Βθῡοέἓῖ·
403 2363 462 2457 ξι
473 2362 838 2457 ffflPdiscussion
872 2415 924 2457 of
955 2415 1046 2457 this
1079 2415 1241 2469 phrase
1279 2429 1354 2458 see
1390 2414 1663 2470 Conington,

173 2470 398 2512 Excursus
418 2473 466 2512 to
486 2469 677 2523 Verg11’s
699 2470 881 2517 Αοηείἀ,
904 2471 959 2511 ix.
985 2473 1077 2511 641.

239 2525 371 2566 ⁰For
387 2524 466 2566 the
486 2527 610 2578 story
630 2537 704 2565 see
726 2523 856 2577 Livy,
877 2525 920 2566 ii.
948 2527 997 2564 12
1012 2524 1058 2565 ff.

173 2596 236 2638 32
