1702 2918
512 151 660 199 THE
693 150 1016 199 EPISTLES
1053 151 1145 198 OF
1179 150 1446 200 SENECA

234 263 472 310 movere?
540 261 658 308 Non
678 260 994 308 mehercules
1018 260 1165 308 facile
1189 262 1282 308 tibi
1306 261 1535 320 dixerim,
1558 270 1702 311 utrun

232 333 453 393 ineptior
491 328 661 387 fuerit,
701 331 787 391 qui
828 344 881 375 se
924 328 1015 374 hac
1055 332 1448 391 interrogatione
1489 330 1702 387 iudicavi

233 401 408 444 mortis
442 402 634 443 metum
672 399 987 458 extinguere,
1016 412 1080 442 an
1115 399 1201 459 qui
1238 395 1349 454 hoc,
1373 403 1627 460 tamquam
1662 413 1702 448 a:

155 470 215 517 10
233 480 342 512 rem
382 466 679 527 pertineret,
713 468 922 510 conatus
957 469 1036 510 est
1075 463 1280 510 solvere.
1355 463 1485 510 Nam
1526 470 1581 512 et
1619 468 1702 528 ips

233 534 682 594 interrogationem
722 533 1021 576 contrariam
1061 534 1296 593 opposuit
1335 547 1398 578 ex
1440 547 1500 578 eo
1539 538 1702 590 natam

233 598 370 663 quod
427 603 642 644 mortem
698 600 833 644 inter
893 597 1230 644 indifferentia
1294 601 1540 660 ponimus,
1598 609 1702 668 quaq

234 664 471 727 ἀδιάφορα
488 664 670 712 Graeci
687 669 880 711 vocant.
942 669 974 691 “
990 664 1177 722 Nihil‚”
1197 668 1378 728 inquit,
1395 670 1426 692 “
1439 665 1702 723 indifferen

233 733 504 797 gloriosum
528 738 637 788 est3
672 748 803 778 mors
826 737 998 779 autern
1016 732 1285 795 gloriosum
1310 739 1418 788 est;
1453 749 1574 796 ergo
1597 743 1702 795 mol

233 817 337 848 non
378 806 458 848 est
497 798 833 846 indifferenS.’'
908 798 1054 846 Haec
1094 803 1422 862 interrogatio
1462 800 1601 848 vides
1642 817 1676 849 u

234 869 473 931 obrepat:
526 883 658 913 mors
698 883 801 913 non
841 872 922 914 est
965 866 1194 929 gloriosa,
1235 867 1324 914 sed
1366 866 1564 915 fortiter
1602 885 1653 915 m

234 935 507 999 gloriosum
553 939 643 982 est.
731 934 800 981 Et
846 950 960 981 cum
1006 933 1161 981 dicis:
1220 933 1555 982 “indifferens
1600 938 1653 982 ni

234 1003 506 1067 gloriosum
552 1001 678 1060 est,”
736 1001 959 1048 concedo
1013 1001 1106 1048 tibi
1152 1004 1240 1059 ita,
1286 1007 1346 1049 ut
1391 1001 1555 1049 dicam
1600 1006 1651 1049 n‘

233 1070 503 1134 gloriosum
550 1085 661 1117 esse
700 1071 798 1116 nisi
838 1072 968 1116 circa
1013 1068 1363 1116 indifferentia.
1451 1069 1610 1134 Tamq

232 1137 571 1185 indifferentia
610 1152 719 1184 esse
759 1135 890 1194 dico,
929 1135 983 1183 id
1023 1142 1102 1184 est
1141 1152 1237 1184 nec
1278 1137 1410 1183 bona
1448 1153 1544 1184 nec
1581 1155 1631 1184 m

231 1206 478 1263 morbum,
524 1203 766 1262 dolorem,
812 1209 1180 1266 paupertatem,
1228 1203 1450 1263 exilium,
1495 1210 1658 1253 morte

150 1272 208 1320 11
234 1272 373 1319 Nihil
408 1271 586 1318 horum
623 1287 713 1334 per
747 1287 800 1317 se
832 1270 1101 1334 gloriosum
1133 1277 1228 1329 est,
1252 1270 1377 1317 nihil
1414 1277 1586 1319 tamen
1619 1275 1658 1320 ε’

234 1340 323 1387 his.
416 1338 674 1386 Laudatur
708 1341 842 1385 enim
878 1354 980 1385 non
1011 1344 1296 1401 paupertaS,
1324 1338 1415 1386 sed
1448 1338 1553 1398 ille,
1576 1356 1644 1403 qu
1684 1335 1686 1337 ¹

233 1412 501 1471 paupertas
517 1407 533 1437 ¹
559 1422 661 1453 non
695 1409 968 1453 summittit
1000 1421 1096 1452 nec
1111 1405 1131 1436 ²
1161 1409 1400 1454 incurvat.
1474 1405 1646 1454 Lauda

234 1491 336 1522 non
372 1474 594 1532 exilium,
630 1473 719 1521 sed
756 1473 841 1520 ille
876 1475 962 1536 qui
998 1475 1051 1519 in
1086 1473 1289 1520 exilium
1325 1476 1417 1521 ivit
1451 1479 1641 1538 tanqua
1699 1483 1702 1488 '

234 1545 464 1590 misisset.
539 1540 797 1588 Laudatur
830 1557 930 1587 non
967 1539 1125 1599 dolor,
1157 1540 1247 1588 sed
1281 1540 1386 1597 ille,
1415 1557 1566 1604 quem
1602 1545 1655 1589 ni

234 1613 403 1673 coegit
426 1608 580 1656 dolor.
658 1608 819 1655 Nemo
850 1614 1064 1655 mortem
1097 1607 1287 1665 laudat,
1311 1607 1400 1656 sed
1429 1624 1563 1667 eum,
1587 1625 1614 1655 c
1653 1611 1664 1623 ⁶

151 1687 211 1735 12
232 1693 364 1724 mors
382 1683 503 1724 ante
520 1675 732 1723 abstulit
748 1678 971 1722 animum
990 1691 1140 1738 quam
1158 1675 1488 1724 conturbavit.
1545 1675 1645 1723 Om

233 1748 329 1792 ista
363 1761 453 1808 per
487 1760 540 1791 se
576 1759 679 1790 non
710 1749 829 1790 sunt
861 1742 1073 1790 honesta
1103 1759 1198 1790 nec
1226 1742 1454 1806 gloriosa,
1479 1743 1567 1791 sed
1592 1760 1624 1808 q

234 1811 356 1876 quid
391 1828 455 1859 ex
490 1810 588 1858 illis
623 1814 780 1857 virtus
815 1809 941 1857 adiit
978 1813 1329 1874 tractavitque,
1365 1809 1635 1858 honestum
1671 1829 1702 1863 ,τ

233 1879 504 1942 gloriosum
530 1878 680 1934 facit3
715 1877 801 1924 illa
833 1881 886 1924 in
916 1877 1085 1924 medio
1121 1881 1283 1940 posita
1315 1883 1462 1934 sunt3
1498 1881 1633 1926 inter

233 1953 402 1994 utrum
421 1945 612 1992 malitia
635 1945 734 1993 illis
757 1962 822 1992 an
840 1948 997 1992 virtus
1015 1961 1219 1992 manum
1236 1945 1529 1992 admoverit.
1593 1945 1645 1992 M

233 2017 369 2062 enim
395 2013 495 2072 illa,
514 2029 643 2077 quae
660 2015 715 2059 in
734 2011 924 2059 Catone
949 2012 1162 2076 gloriosa
1186 2018 1281 2071 est,
1298 2015 1352 2059 in
1376 2012 1533 2060 Bruto
1556 2019 1634 2060 sta
1659 2014 1671 2027 ⁰

300 2099 314 2126 ¹
345 2100 412 2142 Pb
431 2099 522 2141 and
540 2099 602 2139 V1
621 2100 732 2141 omit
750 2098 826 2140 sed
854 2131 864 2141 .
899 2130 909 2140 .
945 2130 956 2141 .
983 2103 1237 2154 paupertas.

297 2154 317 2181 ²
341 2168 417 2196 neo
435 2154 548 2195 later
567 2153 698 2196 MSS.
720 2170 732 2202 ς
759 2153 834 2194 sed
851 2152 980 2195 VPb.

298 2208 315 2234 ³
341 2210 416 2251 sed
446 2208 519 2250 ille
551 2207 626 2263 qui
652 2208 700 2249 in
728 2207 903 2249 exilium
933 2207 1014 2249 ivit
1045 2212 1255 2262 tanquam
1288 2205 1502 2261 Madvig;
1541 2239 1552 2250 .
1585 2239 1596 2251 .
1631 2240 1643 2251 .

230 2277 361 2319 quam
381 2262 511 2305 MSS.

298 2357 318 2377 ⁰
349 2348 539 2391 Defined
562 2351 623 2402 by
638 2347 716 2389 the
736 2347 913 2391 Greeks
927 2360 979 2388 as
996 2352 1028 2371 ⁶⁶
1043 2345 1197 2400 things
1214 2346 1359 2388 which
1379 2347 1494 2387 have
1509 2360 1568 2388 no
1588 2346 1631 2388 di

232 2405 481 2446 connexion
520 2402 663 2444 either
698 2401 807 2443 with
853 2401 1096 2455 happiness
1138 2414 1189 2442 or
1227 2401 1334 2442 with
1378 2400 1607 2455 unhappin

233 2457 319 2500 See
338 2457 510 2503 Cicero,
531 2457 597 2498 De
616 2456 812 2503 Finibus,
834 2457 892 2498 iii.
917 2459 971 2496 50
990 2455 1034 2496 ff.

300 2513 317 2539 ὃ
344 2512 434 2559 i.o.,
465 2524 541 2552 are
571 2516 602 2535 ‘⁶
616 2510 873 2552 indifferent
887 2509 911 2526 ’⁹
939 2510 1014 2564 (cs.
1047 2513 1068 2559 ς
1100 2510 1151 2550 14
1187 2508 1484 2563 indifferentia
1509 2522 1562 2551 ao

231 2565 472 2617 dicuntur).

234 2629 332 2679 246
