1702 2918
497 138 644 184 THE
682 137 1005 185 EPISTLES
1043 137 1135 183 OF
1169 137 1437 185 SENECA

218 252 377 293 torem
401 251 708 308 tempestate
731 260 789 291 ac
807 243 1041 307 procella,
1061 247 1177 307 quia
1194 261 1296 291 non
1315 249 1470 307 possit
1487 245 1556 303 id,
1575 246 1702 310 quod

216 324 490 386 proposuit,
516 323 710 370 efficere
735 337 831 369 nec
854 328 1034 369 tenere
1058 338 1258 369 cursum
1282 339 1456 381 suum;
1492 324 1702 373 deterio-

214 417 320 450 rem
345 401 488 448 illum
511 404 565 447 in
582 406 691 448 arte
709 416 797 447 sua
814 416 916 446 non
934 399 1057 458 fieri,
1075 403 1129 446 in
1152 416 1303 462 opere
1323 400 1441 448 fieri.
1514 400 1702 460 Quibus

218 480 580 542 Peripateticus
605 483 636 506 ‘⁶‘
650 477 818 542 erg0,’'
845 481 1027 541 inquit,
1053 482 1155 525 “et
1179 481 1460 541 sapientem
1493 465 1702 569 deterioss

215 575 321 606 rem
356 557 508 604 faciet
553 563 838 619 paupertaS,
874 555 1016 602 dolor
1050 561 1106 604 et
1139 556 1378 620 quicquid
1424 557 1562 605 aliud
1607 558 1702 614 tab

216 636 380 684 fuerit.
457 635 709 682 Virtutem
756 637 893 682 enim
933 634 1007 680 illi
1041 650 1145 680 non
1192 637 1389 697 eripiet,
1425 635 1514 683 sed
1560 620 1702 703 oper}

131 721 191 766 32
215 717 322 761 eius
356 712 632 776 inpediet.”
707 711 823 758 Hoc
857 717 997 759 recte
1033 710 1305 770 diceretur,
1333 715 1428 759 nisi
1459 705 1702 778 dissimiffi

215 797 350 839 esset
373 791 721 854 gubernatoris
750 789 977 837 condicio
1002 795 1056 837 et
1080 793 1332 852 sapientis.
1408 790 1545 837 Huic
1576 807 1604 839 e
1643 795 1654 805 “

215 873 526 933 propositum
545 874 623 916 est
640 871 694 915 in
711 871 815 915 vita
832 867 1030 930 agenda
1047 884 1150 915 non
1174 871 1367 932 utique,
1387 869 1523 932 quod
1547 794 1702 1003 ῒεῐιιιιξ

213 953 307 1006 tat,
343 947 554 1005 efficere,
591 945 680 993 sed
726 949 894 992 omnia
938 951 1078 993 recte
1114 945 1293 993 facere.
1373 945 1675 1011 Gubernato>

214 1028 524 1089 propositum
559 1030 638 1071 est
672 1027 848 1087 utique
885 1039 1065 1070 navem
1099 1027 1154 1070 in
1184 1030 1385 1087 portum
1416 1025 1636 1087 perduce

215 1105 365 1151 Artes
388 1105 646 1149 ministrae
670 1107 804 1160 sunt,
829 1108 1083 1164 praestare
1107 1101 1318 1160 debent,
1343 1102 1479 1166 quod
1503 1107 1662 1166 promi
1691 1116 1696 1122 ·

212 1187 343 1228 tunt.
405 1179 663 1242 Sapientia
682 1178 885 1226 domina
899 1181 1184 1243 rectrixque
1204 1185 1306 1236 est;
1333 1186 1468 1227 artes
1484 1185 1613 1229 servi
1676 1236 1683 1245 ⁴

214 1263 363 1317 vitae,
389 1260 637 1320 sapientia
659 1260 889 1319 imperat.
1668 1261 1695 1307 -Ἑ

128 1340 190 1387 33
297 1337 406 1399 Ego
425 1335 573 1382 aliter
590 1333 998 1397 respondendum
1014 1334 1206 1382 iudico:
1238 1351 1333 1383 nec
1350 1341 1511 1383 artem
1527 1330 1702 1400 gubed-

212 1417 399 1462 natoris
423 1413 727 1460 deteriorem
751 1412 854 1459 ulla
876 1419 1185 1476 tempestate
1204 1412 1309 1460 fieri
1328 1430 1422 1460 nec
1440 1417 1599 1477 ipsam

212 1572 455 1633 promisit,
479 1567 571 1616 sed
594 1568 774 1616 utilem
798 1584 1002 1631 operam
1026 1574 1081 1616 et
1102 1571 1242 1616 navis
1267 1569 1521 1632 regendae
1546 1573 1647 1618 scie

210 1651 348 1695 tiam.
423 1647 568 1693 Haec
593 1662 653 1693 eo
677 1649 836 1709 magis
864 1653 1090 1709 apparet,
1115 1662 1215 1709 quo
1246 1646 1320 1693 illi
1352 1651 1510 1711 magis
1543 1647 1644 1712 aliq

213 1725 421 1772 fortuita
438 1727 511 1771 vis
529 1724 741 1771 obstitit.
803 1723 906 1782 Qui
924 1722 1019 1771 hoc
1038 1727 1205 1786 potuit
1223 1723 1391 1772 dicere
1410 1730 1443 1752 “
1452 1725 1661 1788 Neptun

212 1819 487 1866 numquam
518 1801 648 1848 hanc
679 1817 860 1849 navem
892 1804 988 1848 nisi
1020 1802 1259 1860 rectam,’'
1285 1806 1382 1849 arti
1413 1806 1534 1850 satis
1557 1803 1654 1852 fed

212 2053 272 2084 ea
295 2052 391 2094 res,
415 2051 544 2099 quae
568 2034 712 2081 illum
736 2040 913 2082 tenere
938 2041 1140 2098 portum
1164 2040 1323 2093 vetat,
1347 2051 1476 2099 quae
1501 2042 1650 2083 conat

211 2119 318 2163 eius
342 2117 518 2161 inritos
551 2113 719 2170 efficit,
744 2129 874 2176 quae
906 2118 996 2160 aut
1026 2113 1184 2161 refert
1214 2113 1358 2160 illum
1389 2119 1479 2161 aut
1509 2113 1652 2160 detin

277 2219 298 2239 ⁰
329 2211 396 2266 Cf.
448 2211 676 2265 Diogenes
733 2210 954 2258 Laertius,
1002 2211 1045 2251 ii.
1107 2213 1158 2252 ‘19
1214 2214 1303 2252 τοὺς
1357 2214 1436 2251 τῶν
1491 2215 1640 2261 ἐγκυκλ

212 2267 492 2314 παιδευμάτων
527 2267 818 2316 μετασχόντας,
853 2267 1092 2315 φιλοσοφίας
1122 2267 1165 2305 δὲ
1193 2267 1525 2316 ἀπολειφθέντας,
1558 2266 1644 2315 ὁμοί

211 2324 353 2370 ἔλεγεν
373 2323 471 2360 εἶναι
491 2322 571 2361 τοῖς
590 2322 660 2369 τῆς
681 2321 922 2369 Πηνελόπης
939 2322 1201 2371 μνηστῆρσιν.
1679 2335 1681 2339 ·

279 2375 296 2400 ⁶
323 2373 419 2415 The
437 2372 580 2427 figure
598 2373 651 2414 of
672 2372 750 2414 the
778 2372 890 2426 pilot
908 2374 946 2414 is
973 2386 1002 2414 a
1022 2372 1231 2426 frequent
1255 2385 1341 2413 one
1360 2374 1404 2413 in
1424 2331 1702 2474 philosoplffi

212 2429 328 2470 from
368 2427 495 2469 Plato
533 2426 678 2468 down.
737 2425 823 2469 See
861 2426 1043 2478 Seneca,
1086 2426 1174 2480 Ep.
1217 2428 1305 2469 viii.
1346 2429 1385 2469 4.
1445 2426 1541 2468 Tbee
1588 2440 1636 2468 sa
1671 2426 1702 2474 s

212 2485 470 2578 ³13qu3‘ss
489 2494 555 2576 ἐς
593 2480 773 2535 applied
808 2483 857 2522 to
895 2480 972 2522 the
1009 2482 1242 2528 musician,
1281 2481 1320 2522 is
1357 2480 1499 2522 found
1534 2482 1580 2523 in
1617 2472 1702 2547 ἦε

258 2548 393 2577 xxvu.
523 2565 535 2578 .
1659 2550 1675 2580 ι

216 2606 314 2649 804
