1702 2918
533 95 681 144 THE
717 96 1040 145 EPISTLES
1078 98 1168 145 OF
1205 99 1471 147 SENECA
1691 98 1702 155 ·’.·“

1690 156 1702 179 li

249 210 549 267 argumenta
589 208 695 252 eius
736 209 971 264 excussit,
1006 213 1121 270 post
1154 206 1279 255 haec
1320 198 1702 282 quemadmoduj:

251 270 654 319 discernerentur
690 276 823 320 vitae
863 280 952 320 aut
986 277 1119 321 vocis
1153 276 1404 338 ambigua,
1437 279 1491 323 in
1533 284 1702 342 utraqq‘

253 342 388 385 enim
412 338 536 385 falsa
560 343 687 386 veris
711 343 923 387 inmixta
946 347 1078 388 sunt.
1692 375 1697 383 ,

166 411 230 458 30
336 405 451 452 Non
474 405 701 465 abduxit,
726 410 946 470 inquam,
971 424 1041 465 se,
1066 414 1124 455 ut
1154 408 1417 456 Posidonio
1442 411 1654 470 videtur,
1676 423 1702 466 a

250 476 358 520 istis
398 474 588 520 artibus
623 477 836 536 sapiens,
861 474 950 522 sed
985 475 1050 521 ad
1085 475 1194 522 illas
1221 480 1425 524 omnino
1454 494 1555 524 non
1586 495 1647 526 ve

252 539 391 586 Nihil
416 543 551 587 enim
575 540 786 604 dignum
810 545 1020 589 inventu
1044 542 1328 601 iudicasset,
1352 544 1486 607 quod
1510 562 1610 592 non
1636 563 1664 594 e

251 607 462 671 dignum
507 614 754 670 perpetuo
799 625 892 656 usu
938 609 1259 658 iudicaturus.
1359 611 1595 660 Ponenda
1640 630 1672 661 n

251 681 485 722 sumeret.

164 745 223 791 31
335 747 363 768 ‘⁶
382 741 728 800 Anacharsis,''
756 746 939 806 inquit,
963 746 1204 791 “invenit
1227 750 1388 792 rotam
1423 746 1578 807 figuli,
1603 763 1664 795 cu

251 813 461 857 circuitu
477 826 591 855 vasa
605 808 926 858 formantur.’'
967 809 1167 859 Deinde
1183 815 1299 875 quia
1312 813 1446 875 apud
1464 814 1657 862 Homer

249 880 504 924 invenitur
526 876 667 940 figuli
689 883 814 935 rota,
831 877 1027 925 malunt
1045 878 1062 908 ¹
1086 878 1243 926 videri
1267 896 1436 927 versus
1461 880 1609 930 falsos
1634 899 1662 930 e

250 960 400 1007 quam
425 943 658 990 fabulam.
732 944 842 1007 Ego
859 961 954 992 nec
978 945 1304 993 Anacharsim
1323 954 1576 995 auctorem
1597 949 1681 997 hu'

251 1015 322 1059 rei
358 1010 510 1059 fuisse
551 1011 804 1058 contendo
840 1018 910 1070 et,
945 1015 986 1059 si
1021 1012 1134 1071 fuit,
1170 1017 1368 1076 sapiens
1409 1016 1612 1078 quidem

249 1082 461 1137 invenit,
507 1078 597 1125 sed
653 1095 756 1125 non
813 1085 1069 1143 tamquam
1127 1085 1341 1143 sapiens,
1398 1086 1529 1130 sicut
1585 1101 1667 1132 mu

250 1149 503 1208 sapientes
517 1145 725 1204 faciunt,
739 1162 838 1210 qua
853 1145 1081 1195 homines
1096 1155 1230 1206 sunt,
1244 1165 1347 1195 non
1361 1166 1460 1213 qua
1473 1155 1671 1214 sapient
1687 1159 1691 1162 ’

254 1213 381 1261 Puta
426 1212 794 1260 velocissimum
841 1230 950 1262 esse
1005 1218 1316 1277 sapientem;
1376 1233 1522 1265 cursu
1569 1235 1599 1265 o
1684 1239 1685 1242 ¹

249 1281 481 1339 anteibit,
506 1297 604 1344 qua
640 1280 786 1328 velox
821 1287 916 1340 est,
938 1297 1042 1328 non
1077 1298 1175 1346 qua
1210 1287 1420 1346 sapiens.
1495 1285 1660 1349 Cuper

253 1348 515 1396 Posidonio
550 1348 769 1411 aliquem
805 1352 1088 1396 vitrearium
1125 1350 1411 1410 ostendere,
1445 1356 1530 1416 qui
1566 1355 1702 1416 spirifl

250 1419 432 1462 vitrum
466 1419 519 1462 in
556 1415 756 1462 habitus
791 1415 1029 1478 plurimos
1064 1416 1261 1476 format,
1285 1422 1370 1482 qui
1403 1422 1485 1466 vix
1509 1419 1702 1484 diligem

247 1499 399 1530 manu
436 1483 806 1545 effingerentur.
897 1483 1042 1530 Haec
1077 1487 1283 1532 inventa
1308 1492 1442 1545 sunt,
1478 1480 1702 1553 postquai

248 1554 546 1613 sapientiam
561 1550 581 1580 ²
604 1554 829 1598 invenire
853 1550 1086 1600 desimus,
1696 1560 1702 1574 ⁴

502 1678 516 1704 ¹
545 1679 717 1720 malunt
737 1678 867 1721 MSS.
889 1695 902 1725 ς
929 1680 1095 1722 mavult
1114 1679 1284 1722 several
1303 1681 1481 1724 editors.

501 1731 520 1758 ²
545 1733 807 1787 sapientiam
828 1733 1102 1783 Buecheler3
1129 1735 1367 1789 sapientem
1388 1735 1484 1778 BA.

311 1899 331 1919 α
360 1891 546 1938 Seneca,
568 1891 751 1932 himself
772 1904 858 1932 one
884 1891 937 1933 of
959 1891 1038 1933 the
1066 1891 1255 1935 keenest
1276 1894 1492 1937 scientific
1510 1895 1670 1939 observ

244 1948 290 1987 in
318 1946 490 1999 history
528 1947 709 1987 witness
728 1945 806 1986 the
826 1945 932 1988 Nat.
959 1945 1149 1996 Quam„
1171 1947 1215 1988 Ε
1279 1980 1289 1990 .
1312 1948 1421 1997 lvii.,
1442 1949 1594 1997 lxxix.‚
1616 1964 1641 1992 e

244 2002 281 2064 ἵε
301 1999 497 2094 p¹i⁵h³¹¹g
547 2001 583 2041 is
603 2000 1673 2100 aig-⁰¹33?{Kee'ymfssigssflssssffssifissffioffig’fflssf‘tu

245 2067 439 2155 gsciecnzzt
457 2067 751 2162 pityzlllglo'gm
778 2107 868 2148 and
896 2107 1163 2162 philosophy
1183 2109 1328 2151 shows
1348 2110 1448 2152 that
1477 2111 1681 2154 Posidon'

244 2162 335 2204 had
354 2175 478 2204 some
482 2160 784 2257 f{ustification
810 2161 880 2202 for
907 2161 976 2203 his
999 2162 1204 2206 them-ies.
1264 2163 1332 2207 Cf.
1365 2165 1460 2207 also
1487 2165 1664 2209 Lucreti

246 2230 286 2258 v·
312 2219 463 2311 ygh-1}
490 2248 705 2323 Scythiam
734 2271 886 2323 prince
913 2269 1004 2311 and
1031 2270 1176 2312 friend
1203 2271 1255 2313 of
1278 2271 1428 2320 Solon,
1451 2273 1551 2315 who
1579 2275 1660 2317 visi

245 2324 422 2366 Athens
442 2326 484 2365 in
501 2324 580 2365 the
595 2324 712 2365 sixth
726 2327 914 2378 century
934 2338 1037 2371 nc„
1051 2326 1089 2366 is
1108 2325 1202 2366 also
1218 2326 1314 2367 said
1332 2330 1380 2368 to
1400 2327 1513 2368 have
1528 2329 1658 2370 iuven

244 2378 322 2420 the
341 2378 522 2419 bellows
541 2378 632 2419 and
650 2378 728 2419 the
747 2378 927 2420 anchor.
978 2377 1064 2426 Cf„
1080 2379 1300 2428 however,
1318 2379 1438 2423 Iliad
1462 2384 1580 2425 xviii.
1603 2387 1628 2424 6

246 2434 296 2474 ὡς
332 2435 399 2473 ὅτε
436 2449 494 2474 τις
539 2435 686 2484 τροχὸν
732 2436 900 2483 ἄρμενον
946 2434 987 2473 ἐν
1035 2436 1283 2484 παλάμηισιν
1330 2436 1509 2484 ἑζόμενος
1555 2453 1647 2490 κερα

248 2490 494 2539 πειρήσεται,
520 2486 611 2527 and
640 2486 789 2527 Leaf’s
818 2490 1071 2528 comment:
1103 2487 1242 2529 “The
1269 2489 1452 2542 potter's
1482 2489 1622 2532 wheel

251 2558 346 2599 418
1691 2579 1702 2617 1
