1702 2918
461 131 608 178 THE
643 131 964 181 EPISTLES
1000 133 1091 181 OF
1125 133 1392 182 SENECA

179 239 314 284 inter
352 247 725 288 consummatae
767 245 1043 304 sapientiae
1078 246 1239 290 virum
1281 249 1336 291 et
1375 242 1528 289 alium
1563 258 1673 305 pro-

76 321 98 325 ”
180 314 425 375 cedentis,
466 318 600 380 quod
642 321 777 366 inter
817 336 993 367 sanum
1033 327 1088 368 et
1129 337 1193 368 ex
1233 321 1405 368 morbo
1445 323 1582 384 gravi
1618 336 1675 366 ac

180 391 377 440 diutino
425 402 790 458 emergentem,
837 401 917 444 cui
968 402 1195 446 sanitatis
1241 397 1351 445 loco
1398 404 1476 445 est
1521 397 1676 444 levior

179 474 425 518 accessio:
460 471 543 519 hic
578 477 674 521 nisi
708 474 959 534 adtendit,
995 475 1207 523 subinde
1255 481 1489 539 gravatur
1530 481 1584 522 et
1624 478 1675 520 in

180 547 358 595 eadem
403 550 690 609 revolvitur,
728 555 924 615 sapiens
970 552 1195 600 recidere
1241 569 1343 599 non
1384 558 1570 615 potest,
1610 569 1676 598 ne

180 624 402 673 incidere
437 627 643 690 quidem
674 629 900 692 amplius.
975 630 1177 693 Corpori
1210 633 1345 677 enim
1376 629 1441 677 ad
1476 635 1677 691 tempus

180 702 312 749 bona
345 704 582 752 valetudo
614 712 709 765 est,
732 723 883 770 quam
914 707 1156 766 medicus,
1181 711 1334 755 etiam
1366 711 1407 754 si
1438 707 1676 765 reddidit,

180 796 283 827 non
324 789 561 844 praestat,
604 800 754 847 saepe
791 785 857 832 ad
898 785 1135 843 eundem,
1176 785 1296 849 qui1
1333 784 1677 844 advocaverat,

181 861 440 906 excitatur.
514 860 727 908 Animus
742 862 761 892 2
785 862 939 910 semel
965 866 1019 910 in
1042 869 1206 910 totum
1232 869 1446 910 sanatur.

129 942 159 993 7
266 936 460 995 Dicam,
497 939 746 1002 quomodo
780 940 1112 1004 intellegam³
1147 957 1352 988 sanum:
1402 943 1443 988 si
1481 957 1534 988 se
1569 944 1677 1004 ipso

180 1019 449 1062 contentus
497 1023 591 1075 est,
632 1020 673 1064 si
719 1018 925 1065 confidit
971 1018 1081 1076 sibi,
1123 1021 1164 1066 si
1211 1021 1305 1065 scit
1351 1021 1517 1065 omnia
1563 1024 1679 1066 vota

180 1092 482 1152 mortalium,
506 1098 672 1142 omnia
695 1096 939 1143 beneficia
956 1113 1085 1160 quae
1109 1096 1294 1143 dantur
1317 1102 1677 1160 petunturque,

179 1168 376 1217 nullum
410 1173 463 1218 in
499 1171 648 1219 beata
680 1177 784 1221 vita
818 1173 1004 1222 habere
1038 1179 1364 1221 momentum.
1439 1174 1568 1221 Nam
1597 1177 1676 1220 cui

179 1246 369 1311 aliquid
422 1249 663 1298 accedere
710 1258 895 1314 potest,
941 1252 995 1299 id
1048 1251 1386 1315 inperfectum
1432 1259 1538 1309 est;
1597 1255 1675 1299 cui

178 1324 366 1389 aliquid
402 1327 672 1376 abscedere
707 1335 892 1391 potest,
917 1330 968 1377 id
1003 1333 1360 1393 inperpetuum
1395 1336 1501 1388 est;
1538 1333 1676 1378 cuius

178 1410 425 1467 perpetua
448 1405 616 1453 futura
649 1406 844 1455 laetitia
876 1414 969 1467 est,
993 1411 1035 1455 is
1067 1423 1156 1455 suo
1187 1407 1420 1471 gaudeat.
1494 1408 1677 1456 Omnia

177 1488 366 1541 autem,
402 1485 582 1547 quibus
623 1485 803 1548 vulgus
844 1485 1022 1545 inhiat,
1059 1486 1192 1533 ultro
1233 1489 1458 1550 citroque
1498 1486 1672 1534 fluunt.

180 1560 318 1607 Nihil
338 1561 427 1609 dat
445 1561 646 1609 fortuna
662 1567 925 1627 mancipio.
989 1562 1091 1611 Sed
1110 1563 1234 1611 haec
1253 1580 1452 1628 quoque
1471 1563 1676 1612 fortuita

177 1645 302 1686 tunc
326 1639 601 1699 delectant,
626 1657 740 1688 cum
764 1642 849 1689 illa
877 1645 1003 1689 ratio
1034 1646 1337 1705 temperavit
1365 1659 1423 1690 ac
1447 1646 1676 1700 miscuit3

178 1716 305 1764 haec
329 1724 423 1777 est,
460 1735 588 1782 quae
636 1723 790 1767 etiam
836 1726 1046 1767 externa
1086 1720 1425 1779 commendet,
1465 1738 1677 1785 quorum

127 1807 158 1854 8
177 1795 334 1842 avidis
358 1812 474 1843 usus
490 1800 715 1860 ingratus
735 1803 825 1845 est.
899 1796 1105 1845 Solebat
1124 1798 1328 1846 Attalus
1346 1797 1440 1845 hac
1457 1802 1676 1863 imagine

178 1875 283 1921 uti:
321 1873 536 1921 “vidisti
560 1874 828 1939 aliquando
853 1892 1029 1924 canem
1052 1879 1201 1923 missa
1232 1893 1262 1922 a
1292 1875 1495 1924 domino
1519 1875 1678 1924 frusta

178 1954 321 2014 panis
357 1958 446 1999 aut
487 1956 646 2001 carnis
686 1960 862 2017 aperto
901 1970 987 2002 ore
1028 1955 1354 2017 captantem?
1424 1953 1677 2019 Quicquid

180 2033 399 2093 excepit,
439 2034 665 2094 protinus
711 2035 968 2095 integrum
1014 2032 1223 2080 devorat
1269 2038 1324 2080 et
1368 2049 1567 2096 semper
1610 2033 1676 2081 ad

602 2128 618 2154 ¹
646 2129 721 2192 qai
741 2128 951 2183 Lipsius;
1005 2143 1102 2171 uem
1122 2128 1252 2171 MSS.

573 2182 592 2208 ²
618 2197 790 2224 amamus
809 2183 957 2224 added
1007 2197 1038 2238 y
1060 2183 1276 2226 Muretus.

490 2235 508 2262 ⁸
534 2237 780 2291 intelleyam
799 2237 927 2279 Koch
946 2254 958 2286 ;
986 2238 1208 2292 intelleyas
1227 2236 1357 2280 MSS.

246 2382 267 2402 ⁰
297 2373 364 2429 C'fi
392 2373 642 2422 Lueretius,
663 2376 721 2416 iii.
742 2378 818 2415 971
835 2375 926 2416 vita
943 2375 1162 2429 mancipio
1179 2374 1294 2417 nulli
1312 2375 1460 2422 datur,
1483 2376 1676 2418 omnibus
1700 2390 1702 2420 ;

178 2442 274 2471 usu.
334 2427 430 2471 Our
446 2428 556 2470 lives
576 2441 652 2470 are
671 2428 839 2482 merely
858 2428 1018 2470 loaned
1037 2432 1085 2471 to
1105 2442 1158 2471 us
1176 2446 1188 2478 ς
1216 2428 1388 2470 Nature
1412 2431 1577 2471 retains
1597 2430 1675 2472 the
1700 2427 1702 2474 ἰ

179 2482 431 2525 dominium.
495 2482 563 2537 Cf.
593 2483 691 2524 also
717 2481 924 2525 Seneca's
955 2483 1163 2537 frequent
1189 2482 1331 2537 figure
1358 2483 1410 2524 of
1433 2483 1509 2524 life
1536 2497 1587 2525 as
1614 2497 1673 2526 an
1700 2485 1702 2526 Ι

177 2538 270 2585 inn,
292 2536 550 2579 contrasted
568 2537 674 2579 with
693 2549 722 2578 a
739 2536 880 2579 house
898 2549 1005 2579 over
1022 2536 1167 2579 which
1186 2550 1272 2578 one
1291 2537 1372 2579 has
1391 2538 1655 2592 ownership.
1699 2543 1702 2581 1

182 2607 277 2649 100
1699 2598 1702 2652 3

1699 2679 1702 2761 ἒ
