1702 2918
67 496 123 543 11

65 1743 125 1790 13

433 156 580 203 THE
615 156 936 205 EPISTLES
973 158 1064 205 OF
1100 157 1367 206 SENECA

112 277 122 279 *
149 268 203 312 in
248 265 439 313 lubrico
484 273 632 325 stare,
679 270 797 330 quia
846 283 997 314 nemo
1047 271 1112 314 sit
1169 275 1311 315 extra
1367 271 1642 330 periculum

150 343 388 402 malitiae,
412 347 507 391 nisi
531 348 617 408 qui
649 350 809 392 totam
840 361 951 392 eam
976 348 1206 393 excussit.
1282 345 1443 392 Nemo
1474 351 1644 392 autem

149 420 287 467 illam
311 425 544 480 excussit,
569 425 664 469 nisi
696 426 782 486 qui
807 439 896 485 pro
920 422 1007 469 illa
1030 426 1326 486 sapientiam
1350 422 1641 484 adsumpsit.

235 498 371 558 Quid
391 503 525 547 inter
543 500 740 547 morbos
759 503 913 547 animi
937 503 1138 548 intersit
1158 507 1211 547 et
1229 499 1476 558 adfectus,
1496 515 1645 562 saepe

150 579 249 623 iam
285 577 401 624 dixi.
476 577 623 624 Nunc
659 594 859 642 quoque
895 584 948 625 te
983 577 1298 625 admonebo:
1334 578 1493 624 morbi
1528 583 1646 624 sunt

149 657 429 702 inveterata
446 658 568 703 vitia
586 662 640 703 et
657 655 796 714 dura,
811 662 869 703 ut
886 659 1106 714 avaritia,
1121 661 1180 703 ut
1197 656 1404 702 ambitio
1423 671 1434 712 ;
1459 658 1612 702 nimio
1627 653 1645 685 ¹

150 733 340 779 artius2
374 733 498 780 haec
534 737 758 780 animum
792 733 1136 796 inplicuerunt
1171 739 1226 781 et
1260 739 1505 796 perpetua
1540 735 1647 779 eius

150 810 281 856 mala
316 827 425 858 esse
464 817 754 875 coeperunt.
848 811 920 859 Ut
960 812 1181 858 breviter
1221 810 1405 869 finiam,
1448 811 1647 857 morbus

150 894 228 935 est
263 888 503 936 iudicium
538 892 591 935 in
627 905 778 952 pravo
814 892 1061 952 pertinax,
1089 895 1347 952 tamquam
1382 888 1527 935 valde
1563 904 1647 935 ex-

150 965 374 1028 petenda
409 969 526 1024 sint,
562 982 691 1030 quae
732 966 915 1013 leviter
950 965 1237 1029 expetenda
1273 972 1404 1013 sunt.
1479 965 1569 1012 Vel
1607 968 1647 1012 si

150 1047 321 1102 mavis,
347 1047 419 1091 ita
451 1043 704 1092 finiamus:
741 1048 888 1091 nimis
924 1047 1169 1092 inminere
1202 1044 1383 1091 leviter
1414 1042 1645 1106 petendis

150 1121 231 1168 vel
255 1138 318 1169 ex
344 1128 453 1169 toto
477 1139 579 1169 non
603 1122 854 1185 petendis,
879 1128 967 1169 aut
991 1125 1044 1169 in
1067 1138 1250 1185 magno
1275 1125 1438 1184 pretio
1462 1120 1646 1169 habere

148 1280 300 1324 animi
324 1278 678 1341 inprobabiles,
703 1278 856 1325 subiti
881 1284 935 1325 et
966 1281 1221 1335 concitati,
1245 1279 1331 1340 qui
1355 1276 1646 1339 frequentes

67 1201 126 1248 12
150 1202 201 1245 in
225 1199 392 1263 aliquo
419 1199 651 1247 habenda
671 1199 749 1246 vel
769 1203 821 1246 in
839 1199 992 1247 nullo.
1065 1198 1315 1246 Adfectus
1339 1204 1458 1246 sunt
1481 1204 1647 1245 motus
1698 1259 1699 1262 Ἰ

148 1355 472 1419 neglectique
498 1356 664 1403 fecere
698 1356 943 1414 morbum,
969 1358 1099 1403 sicut
1130 1354 1404 1402 destillatio
1431 1371 1528 1401 una
1551 1370 1646 1402 nec
1700 1389 1702 1392 -

147 1432 312 1479 adhuc
353 1437 405 1479 in
446 1449 637 1481 morem
677 1433 897 1481 adducta
942 1435 1119 1480 tussim
1160 1432 1297 1491 facit,
1344 1431 1551 1479 adsidua
1592 1435 1646 1478 et

147 1517 292 1558 vetus
340 1510 581 1574 phthisin.
679 1510 857 1574 Itaque
904 1514 991 1574 qui
1048 1510 1318 1574 plurimum
1370 1509 1644 1572 profecere,

148 1594 289 1635 extra
323 1589 520 1636 morbos
556 1594 690 1647 sunt,
714 1587 944 1636 adfectus
967 1587 1134 1635 adhuc
1163 1590 1390 1636 sentiunt
1419 1585 1645 1650 perfecto
1699 1620 1702 1654 1

148 1669 372 1728 proximi.

1696 1718 1702 1738 l

232 1743 521 1791 Secundum
546 1761 706 1807 genus
738 1751 818 1791 est
842 1760 1030 1804 eorum,
1054 1748 1141 1808 qui
1170 1751 1226 1792 et
1251 1746 1468 1790 maxima
1490 1746 1643 1789 animi
1699 1742 1702 1745 ’

1695 1788 1702 1816 l

147 1822 278 1869 mala
318 1829 372 1869 et
412 1821 642 1870 adfectus
684 1822 1044 1885 deposuerunt,
1083 1821 1173 1870 sed
1213 1826 1299 1880 ita,
1338 1827 1396 1868 ut
1435 1837 1538 1868 non
1578 1823 1644 1867 sit
1696 1838 1702 1871 ;

147 1899 243 1946 illis
280 1903 560 1947 securitatis
596 1916 714 1947 suae
750 1906 889 1946 certa
926 1903 1182 1963 possessio.
1260 1899 1473 1946 Possunt
1508 1901 1641 1946 enim

64 1982 124 2029 14
146 1980 198 2023 in
235 1977 412 2024 eadem
448 1977 618 2024 relabi.
691 1977 917 2024 Tertium
955 1977 1082 2024 illud
1114 1993 1274 2040 genus
1308 1983 1448 2024 extra
1483 1974 1642 2023 multa

403 2103 418 2128 ¹
446 2103 581 2144 nimio
602 2102 865 2150 Rossbach:
892 2103 1033 2145 nimia
1051 2102 1163 2151 VP;
1191 2103 1318 2144 ninia
1336 2103 1379 2144 b.

495 2156 512 2182 ²
539 2158 682 2199 artius
700 2157 812 2198 later
832 2156 961 2200 MSS.
983 2173 995 2206 3
1025 2162 1146 2199 actus
1165 2156 1292 2199 VPb.

1693 1882 1702 1947 l

1694 1986 1702 2031 4

1695 2075 1702 2106 4

210 2293 231 2313 ⁰
261 2285 348 2327 For
375 2284 583 2328 Seneca's
611 2297 712 2326 own
740 2284 965 2339 struggles
993 2284 1102 2326 with
1135 2284 1226 2326 this
1255 2284 1430 2326 disease
1458 2283 1514 2338 cf.
1547 2283 1634 2338 Ep.

146 2340 373 2434 lxxgssshd
373 2393 611 2434 difference
633 2392 836 2435 between
862 2393 940 2435 the
958 2392 1057 2435 first
1074 2391 1166 2434 and
1189 2392 1268 2434 the
1288 2391 1453 2434 second
1472 2391 1638 2434 classes

146 2450 184 2489 is
220 2447 319 2488 well
361 2446 594 2488 described
634 2449 680 2488 in
711 2447 807 2511 Ep.
845 2447 964 2489 lxxii.
1005 2450 1031 2488 6
1075 2447 1150 2488 hoo
1185 2447 1360 2488 interest
1396 2446 1512 2488 inter
1543 2459 1639 2487 oon-
1694 2478 1698 2486 .

145 2506 385 2543 summatae
410 2501 649 2555 sapientiae
676 2501 821 2543 virum
846 2506 887 2543 et
914 2501 1052 2543 alium
1077 2500 1360 2553 procedentis,
1388 2501 1499 2555 quod
1525 2501 1637 2542 inter

146 2570 302 2597 sanum
319 2560 360 2597 et
378 2569 428 2597 σω
443 2555 591 2597 morbo
607 2555 736 2609 yravi
754 2569 806 2596 ao
824 2555 995 2598 diutino
1013 2560 1301 2608 mneryentm.

153 2626 245 2668 142
