1702 2918
488 190 635 236 THE
671 188 991 237 EPISTLES
1028 189 1118 236 OF
1153 188 1421 237 SENECA

156 299 188 347 8
210 297 495 362 Aliquando
535 304 724 355 tamen,
766 300 918 344 etiam
959 299 1000 344 si
1046 303 1184 344 certa
1221 313 1352 344 mors
1398 298 1606 344 instabit
1646 303 1699 344 et

112 378 115 380 ’
207 371 515 420 destinatum
551 372 644 418 sibi
685 371 983 433 supplicium
1019 374 1160 428 sciet,
1194 388 1296 418 non
1331 371 1697 419 commodabit¹

208 462 400 509 poenae
425 462 542 492 suae
566 461 798 501 manum3
833 445 927 492 sibi
953 444 1303 492 commodaret.
1377 443 1605 492 Stultitia
1623 451 1700 492 est

207 523 386 567 timore
420 523 594 566 mortis
635 522 772 565 mori.
850 517 1004 566 Venit
1044 521 1130 581 qui
1170 518 1377 565 occidat.
1457 518 1696 580 Expecta.

208 592 345 654 Quid
385 594 631 656 occupas?
702 591 870 651 Quare
910 595 1117 654 suscipis
1156 592 1350 639 alienae
1389 592 1700 640 crudelitatis

206 668 642 732 procurationem?
738 665 920 713 Utrum
976 665 1170 713 invides
1228 665 1443 712 carnifici
1500 671 1589 713 tuo
1634 682 1696 712 an

156 755 187 803 9
206 743 402 806 parcis?
470 740 699 788 Socrates
740 742 908 803 potuit
940 740 1245 787 abstinentia
1280 739 1421 786 finire
1455 742 1610 786 vitam
1646 746 1699 787 et

204 815 374 864 inedia
411 818 577 879 potius
614 830 763 878 quam
800 829 996 860 veneno
1033 816 1170 860 mori.
1261 813 1489 876 Triginta
1527 819 1699 860 tamen

206 889 314 939 dies
337 893 391 936 in
415 905 611 936 carcere
640 894 693 935 et
724 890 778 934 in
809 890 1162 950 expectatione
1186 890 1360 934 mortis
1385 891 1572 950 exegit,
1597 903 1699 934 non

204 963 301 1012 hoc
334 966 500 1010 animo
541 969 796 1025 tamquam
837 964 1004 1008 omnia
1043 960 1148 1008 fieri
1188 966 1409 1023 possent,
1444 967 1697 1024 tamquam

204 1037 390 1085 multas
429 1052 542 1100 spes
576 1042 681 1083 tam
721 1035 929 1098 longum
968 1040 1169 1097 tempus
1208 1037 1473 1097 reciperet,
1514 1033 1604 1081 sed
1643 1040 1700 1081 ut

205 1112 471 1176 praeberet
499 1126 553 1158 se
584 1109 797 1173 legibus,
822 1115 880 1156 ut
913 1107 1183 1156 fruendum
1214 1111 1384 1155 amicis
1417 1114 1698 1155 extremum

205 1184 446 1235 Socraten
488 1183 644 1231 daret.
719 1181 855 1240 Quid
897 1189 1005 1230 erat
1045 1181 1248 1230 stultius
1289 1198 1439 1245 quam
1483 1188 1698 1229 mortem

204 1266 547 1317 contemnere,
571 1273 823 1305 venenum
847 1256 1063 1304 timere?

123 1336 187 1385 10
289 1333 561 1391 Scribonia,
585 1334 747 1395 gravis
771 1330 975 1389 femina,
998 1333 1152 1377 amita
1180 1328 1331 1377 Drusi
1357 1329 1562 1376 Libonis
1585 1328 1699 1388 fuit,

203 1407 541 1456 adulescentis
575 1412 681 1453 tam
712 1403 916 1452 stolidi2
950 1420 1101 1468 quam
1136 1403 1333 1460 nobilis,
1368 1405 1554 1449 maiora
1587 1419 1699 1466 spe-

202 1485 360 1530 rantis
400 1497 550 1545 quam
590 1479 677 1526 illo
718 1478 916 1526 saeculo
954 1481 1216 1542 quisquam
1257 1492 1454 1540 sperare
1501 1482 1700 1539 poterat

203 1562 292 1604 aut
314 1559 422 1619 ipse
446 1554 561 1602 ullo.
635 1553 760 1600 Cum
783 1568 936 1616 aeger
969 1568 999 1598 a
1033 1557 1210 1599 senatu
1233 1554 1286 1598 in
1309 1550 1490 1598 lectica
1513 1549 1699 1598 relatus

204 1635 339 1679 esset
374 1645 478 1676 non
518 1643 637 1675 sane
678 1625 1026 1690 frequentibus
1067 1628 1308 1689 exequiis,
1349 1640 1523 1671 omnes
1564 1627 1697 1671 enim

203 1706 468 1752 necessarii
526 1702 851 1750 deseruerant
907 1703 1060 1762 impie
1112 1702 1209 1746 iam
1256 1715 1359 1745 non
1405 1714 1562 1756 reum,
1609 1697 1699 1745 sed

205 1778 384 1835 funus;
425 1776 612 1824 habere
647 1778 816 1838 coepit
851 1774 1131 1832 consilium,
1166 1779 1335 1820 utrum
1369 1774 1700 1819 conscisceret

203 1859 417 1901 mortem
452 1868 517 1898 an
552 1854 855 1913 expectaret.
930 1848 1022 1895 Cui
1057 1846 1341 1895 Scribonia:
1377 1843 1562 1903 “Quid
1595 1844 1695 1904 te,'’

270 1935 598 2003 [commodabit
634 1935 747 1977 later
775 1933 939 1983 MSS.;
976 1932 1286 1976 commendabit
1314 1931 1458 1981 VPb;
1494 1945 1701 1973 commew

204 1994 462 2089 damah-di
480 2045 739 2087 Torrentius
755 2060 767 2092 ς
794 2043 923 2085 solidi
942 2041 1072 2084 MSS.

270 2153 292 2174 ⁶
319 2146 408 2192 220„
425 2144 466 2186 if
479 2143 537 2185 he
551 2146 674 2185 must
687 2141 851 2184 choose
866 2140 1068 2182 between
1084 2138 1266 2192 helping
1285 2137 1420 2191 along
1434 2137 1502 2178 his
1518 2136 1700 2190 punish-

205 2203 330 2243 ment
348 2199 411 2253 by
430 2197 615 2245 suicide,
635 2210 686 2239 or
710 2196 782 2237 hel
815 2197 893 2249 ing
917 2193 1100 2236 himself
1122 2193 1184 2247 by
1208 2193 1390 2245 staying
1417 2191 1530 2232 alive
1558 2190 1702 2232 under

204 2258 376 2298 torture
395 2252 484 2294 and
504 2252 749 2306 practising
767 2254 787 2292 t
820 2263 846 2291 e
859 2251 1027 2291 virtues
1045 2248 1151 2289 thus
1171 2246 1366 2300 brought
1386 2247 1480 2287 into
1499 2244 1620 2299 play,
1641 2245 1702 2290 ha

206 2309 295 2351 will
313 2307 478 2350 choose
497 2305 575 2348 the
595 2303 880 2352 latten—m'bi
899 2303 1182 2345 commodare.
1698 2328 1702 2347 ÷

274 2364 291 2390 ὃ
318 2361 404 2405 See
441 2360 519 2402 the
556 2361 806 2414 imaginary
843 2357 1050 2411 dialogue
1083 2358 1128 2398 in
1169 2353 1332 2397 Plato’s
1374 2352 1493 2395 Gm'to
1527 2352 1597 2405 (50
1629 2352 1702 2406 ff.)j

205 2417 409 2460 between
429 2413 635 2457 Socrates
654 2413 745 2455 and
766 2412 845 2454 the
865 2410 1080 2453 Laws—a
1106 2421 1297 2464 passage
1316 2406 1461 2448 which
1489 2406 1702 2466 develops'

205 2471 296 2553 flu}
314 2469 695 2567 ¹33¹3llgtlclitcommit
715 2519 884 2563 suicide
903 2520 948 2561 in
968 2517 1099 2560 order
1115 2520 1164 2560 to
1184 2529 1287 2558 esca
1319 2571 1327 2580 ο
1363 2515 1614 2569 poisoning.
1696 2469 1702 2517 Ι

274 2580 297 2607 ‘²
326 2577 413 2621 For
453 2591 481 2619 a
518 2588 642 2618 more
683 2573 903 2629 complete
939 2574 1132 2616 account
1171 2570 1224 2612 of
1263 2573 1285 2611 t
1317 2582 1354 2611 is
1394 2568 1586 2624 tragedy
1623 2581 1671 2610 se

208 2642 275 2695 60
