1702 2918
458 134 603 181 THE
638 134 958 183 EPISTLES
995 136 1086 184 OF
1120 136 1387 185 SENECA

259 242 376 290 Non
408 243 723 292 mehercules
756 248 925 292 ieiuna
961 262 1069 294 esse
1105 252 1160 294 et
1200 247 1337 294 arida
1370 248 1499 306 volo,
1535 265 1661 312 quae

173 315 239 363 de
273 318 421 364 rebus
456 324 561 365 tam
595 322 789 382 magnis
824 319 1057 367 dicentur
1073 337 1085 377 3
1131 337 1297 385 neque
1334 325 1469 368 enim
1503 322 1662 386 philo-

173 390 348 453 sophia
392 395 596 454 ingenio
641 397 912 441 renuntiat.
998 394 1219 441 Multum
1266 401 1437 442 tamen
1483 413 1663 459 operae

120 467 151 514 4
172 464 382 526 inpendi
427 466 590 513 verbis
647 483 750 514 non
807 474 1020 530 oportet.
1117 469 1262 516 Haec
1309 473 1374 516 sit
1424 474 1663 533 propositi

171 542 328 586 nostri
391 555 612 587 summa:
681 541 816 604 quod
878 546 1122 590 sentimus
1189 543 1466 606 loquamur,
1530 544 1663 607 quod

170 611 421 675 loquimur
477 617 785 672 sentiamus;
848 616 1118 664 concordet
1166 633 1328 663 sermo
1379 634 1494 664 cum
1545 621 1660 665 vita.

171 685 266 733 Ille
312 691 607 750 promissum
649 705 794 735 suum
833 690 1063 752 inplevit,
1104 694 1206 754 qui,
1246 697 1300 737 et
1340 707 1453 737 cum
1495 691 1662 739 videas

117 765 147 813 5
169 759 312 807 illum
349 767 402 808 et
437 779 550 808 cum
587 763 774 821 audias,
810 763 947 810 idem
982 770 1073 811 est.
1158 764 1465 823 Videbimus,
1502 765 1660 829 qualis

169 837 249 892 sit,
291 842 507 898 quantus
554 840 652 893 sit;
699 853 828 884 unus
874 841 951 885 sit.
1042 838 1157 884 Non
1204 838 1466 886 delectent
1513 839 1660 887 verba

168 915 353 967 nostra,
378 910 467 957 sed
495 914 699 973 prosint.
772 910 826 958 Si
857 917 1030 959 tamen
1054 916 1347 975 contingere
1373 912 1660 976 eloquentia

168 998 270 1029 non
316 983 530 1030 sollicito
576 991 761 1046 potest,
809 988 847 1032 si
895 991 984 1032 aut
1034 993 1206 1048 parata
1252 992 1331 1034 est
1375 993 1464 1033 aut
1509 1003 1659 1050 parvo

167 1063 381 1116 constat,
412 1057 543 1105 adsit
578 1065 633 1105 et
666 1075 745 1106 res
780 1058 1136 1122 pulcherrimas
1171 1066 1508 1123 prosequatur.
1582 1060 1659 1108 Sit

168 1131 297 1189 talis,
323 1138 380 1178 ut
404 1148 481 1179 res
510 1136 675 1195 potius
700 1149 848 1196 quam
873 1149 926 1180 se
949 1133 1198 1181 ostendat.
1271 1134 1415 1181 Aliae
1439 1140 1571 1182 artes
1594 1134 1659 1182 ad

166 1207 427 1268 ingenium
449 1212 588 1254 totae
612 1210 887 1269 pertinent,
912 1206 994 1254 hic
1017 1211 1170 1254 animi
1193 1211 1455 1271 negotium
1477 1212 1654 1272 agitur.

115 1282 144 1329 6
256 1280 367 1326 Non
402 1283 598 1343 quaerit
627 1297 781 1343 aeger
810 1280 1063 1328 medicum
1094 1281 1454 1345 eloquentem,l
1479 1283 1585 1341 sed,
1617 1285 1657 1329 si

165 1356 238 1400 ita
269 1357 512 1416 conpetit,
538 1361 595 1401 ut
626 1354 762 1401 idem
793 1354 896 1413 ille,
920 1359 1006 1418 qui
1042 1371 1214 1403 sanare
1246 1361 1432 1418 potest,
1456 1362 1656 1419 compte

166 1426 231 1474 de
271 1430 347 1486 iis,
383 1444 511 1491 quae
551 1428 780 1475 facienda
820 1435 954 1487 sunt,
990 1428 1217 1488 disserat,
1252 1429 1371 1476 boni
1413 1430 1654 1479 consulet.

167 1501 283 1547 Non
308 1508 478 1548 tamen
504 1506 615 1560 erit,
641 1518 793 1566 quare
825 1502 1106 1566 gratuletur
1130 1504 1240 1562 sibi,
1264 1503 1399 1567 quod
1422 1504 1656 1551 inciderit

164 1579 219 1622 in
265 1576 516 1623 medicum
557 1580 707 1623 etiam
756 1576 1012 1625 disertum.
1087 1577 1203 1624 Hoc
1243 1581 1379 1625 enim
1419 1577 1521 1625 tale
1562 1583 1656 1635 est,

166 1650 314 1714 quale
372 1653 412 1697 si
470 1653 661 1713 peritus
717 1651 1024 1713 gubernator
1074 1654 1224 1698 etiam
1274 1651 1516 1699 formosus
1562 1657 1652 1699 est.

114 1727 142 1778 7
167 1724 304 1782 Quid
344 1740 487 1771 aures
526 1740 664 1771 meas
704 1725 898 1771 scabis?
981 1723 1117 1783 Quid
1158 1725 1416 1772 oblectas?
1502 1725 1656 1772 Aliud

163 1802 359 1862 agitur3
411 1798 648 1857 urendus,
688 1798 948 1857 secanduS,
988 1799 1316 1846 abstinendus
1361 1815 1484 1846 sum.
1574 1798 1655 1845 Ad

165 1872 288 1920 haec
311 1872 566 1919 adhibitus
590 1888 656 1920 es.

249 1947 430 1993 Curare
456 1946 610 1993 debes
634 1947 862 1993 morbum
880 1953 1121 2006 veterem,
1139 1964 1357 2011 gravem,
1382 1947 1652 2011 publicum.

165 2022 383 2068 Tantum
445 2024 639 2084 negotii
707 2020 879 2079 habes,
942 2027 1186 2084 quantum
1250 2025 1303 2068 in
1365 2022 1651 2085 pestilentia

394 2128 408 2153 ¹
437 2128 695 2182 eloquentem
712 2128 825 2170 later
844 2127 975 2171 MSS.
997 2145 1009 2176 ;
1038 2129 1275 2183 loquentem
1294 2127 1421 2171 VPb.

230 2267 252 2286 α
282 2258 348 2312 Of.
378 2259 464 2322 Ep:
497 2259 608 2299 cxiv.
645 2260 666 2298 1
698 2257 800 2299 talis
827 2257 1073 2321 hominibus·
1083 2257 1181 2312 fuit
1208 2258 1349 2299 oratio
1377 2257 1518 2312 qualis
1544 2257 1647 2308 vita,

164 2313 255 2394 am}
269 2311 1223 2420 {ssgffibzfggdxllielxdttl'iessngrtcglglease
1250 2365 1419 2419 mainly
1447 2365 1508 2419 by
1536 2365 1652 2406 their

165 2422 441 2468 cleverness3
480 2434 561 2462 nor
586 2419 694 2461 does
720 2419 987 2474 philosophy
1005 2420 1159 2473 abjure
1187 2419 1297 2461 such
1326 2419 1573 2461 cleverness
1602 2433 1651 2460 as

165 2476 309 2530 style3
342 2475 422 2516 but
448 2475 553 2515 here
577 2476 621 2515 in
646 2474 774 2515 these
797 2474 965 2521 letters,
987 2473 1179 2515 wherein
1203 2487 1270 2514 we
1297 2487 1373 2515 are
1401 2474 1652 2527 discussing

164 2531 242 2572 the
260 2529 373 2578 soul,
394 2528 472 2570 the
490 2541 645 2582 graces
665 2528 716 2569 of
732 2527 894 2582 speech
913 2541 989 2570 are
1009 2528 1061 2569 of
1075 2541 1133 2569 no
1152 2541 1356 2570 concern.

172 2603 188 2642 l
199 2602 228 2644 3
235 2601 261 2642 8
