1702 2918
0 1588 136 1671 J

100 305 162 353 10

465 188 612 236 THE
647 188 968 236 EPISTLES
1005 189 1096 237 OF
1131 188 1397 238 SENECA

270 299 330 345 In
363 297 600 344 fabellam
637 300 827 344 excessi
861 313 965 344 non
999 300 1251 361 ingratam
1289 300 1396 347 tibi.
1470 301 1674 350 Exitum

183 390 319 435 enim
342 389 488 433 amici
513 388 589 432 tui
608 401 877 448 cognosces
901 401 1004 432 non
1027 385 1280 434 difficilem
1304 405 1399 436 nec
1424 393 1672 439 miserum.

183 474 422 534 Quamvis
440 465 580 544 {niffi
605 466 820 539 ffifiissem
846 473 939 520 sibi
964 457 1289 548 conscivefft]
1301 482 1472 524 tamen
1492 479 1675 527 mollis-

181 567 306 611 sime
343 565 558 610 excessit
597 567 652 609 et
686 565 789 609 vita
824 561 1022 624 elapsus
1057 568 1148 610 est.
1236 557 1338 611 Sed
1378 581 1444 612 ne
1483 567 1676 614 inutilis

181 650 385 714 quidem
444 649 571 696 haec
627 648 815 696 fabella
871 648 1037 697 fuerit.
1141 649 1305 714 Saepe
1363 656 1497 699 enim
1557 655 1676 702 talia

181 738 413 802 exempla
430 740 702 785 necessitas
722 739 894 800 exigit.
968 735 1131 801 Saepe
1159 738 1404 788 debemus
1431 745 1556 788 mori
1580 758 1675 791 nec
1698 747 1702 780 ἕ

99 832 154 880 11
179 828 424 886 volumus,
442 830 680 873 morimur
696 842 792 873 nec
812 826 1052 874 volumus.
1114 827 1278 875 Nemo
1294 835 1399 876 tam
1414 832 1675 893 imperitus
1699 820 1702 821 ⁷

180 922 274 974 est,
309 922 368 963 ut
401 918 594 963 nesciat
628 913 930 978 quandoque
965 914 1312 972 moriendum3
1353 922 1525 965 tamen
1561 935 1675 968 cum

179 1019 335 1067 prope
367 1005 593 1060 accessit,
621 1004 997 1064 tergiversatur,
1025 1005 1217 1061 tremit,
1241 1003 1417 1066 plorat.
1492 1005 1702 1066 Nonne,

177 1093 272 1140 tibi
308 1090 1193 1179 qum,
1229 1095 1315 1155 qui
1349 1091 1504 1152 flevit,
1538 1094 1689 1158 quod?

176 1187 296 1251 ante
331 1195 489 1227 annos
523 1178 672 1226 mille*
697 1195 801 1226 non
835 1181 1029 1226 vixerat
1044 1167 1313 1244 T—K'eque
1355 1181 1539 1229 stultus
1580 1189 1682 1243 est,-

177 1254 405 1333 ςυίᾟθῐ,
445 1267 582 1331 quod
623 1273 738 1330 post
777 1282 934 1313 annos
980 1266 1120 1314 mille
1160 1283 1264 1314 non
1303 1271 1453 1316 vivet.
1528 1270 1702 1320 Haec’-

176 1361 312 1421 paria
346 1362 494 1413 sunt3
531 1372 634 1403 non
667 1358 763 1403 eris
794 1371 890 1402 nec
922 1354 1074 1403 fuisti.
1153 1356 1437 1420 Utrumque
1472 1327 1702 1423 tempusa*

94 1455 154 1502 12
174 1446 396 1493 alienum
421 1451 511 1492 est.
586 1443 647 1490 In
679 1443 775 1491 hoc
806 1450 1054 1507 punctum
1077 1448 1334 1492 coniectus
1359 1461 1428 1503 es,
1452 1447 1586 1510 quod
1613 1442 1699 1498 ut?

175 1533 436 1591 extendas,
477 1548 576 1596 quo
618 1547 775 1595 usque
811 1531 1093 1579 extendes?
1168 1530 1306 1590 Quid
1337 1531 1461 1581 fles?
1534 1533 1702 1594 Quid*¹

121 1618 378 1709 optas
139 1597 382 1658 Ρ
426 1621 597 1668 Perdis
621 1637 836 1684 operam.
1698 1621 1702 1717 1

407 1729 576 1771 Desine
595 1727 692 1769 fata
711 1727 846 1769 deum
865 1726 986 1769 flecti
1007 1740 1186 1781 sperare
1204 1728 1442 1782 precanda

176 1829 303 1876 Rata
327 1834 381 1876 et
405 1827 500 1874 fixa
525 1832 644 1873 sunt
667 1831 723 1873 et
753 1841 936 1888 magna
959 1831 1113 1889 atque
1136 1832 1344 1874 aeterna
1367 1815 1671 1882 necessitate
1691 1857 1695 1861 -

172 1918 437 1966 ducuntur.
512 1914 586 1960 Eo
611 1914 720 1973 ibis,
745 1929 845 1977 quo
869 1917 1036 1960 omnia
1059 1919 1196 1960 eunt.
1271 1912 1408 1971 Quid
1435 1915 1530 1962 tibi
1554 1918 1671 1964 novi

172 2009 287 2055 est?
371 2003 455 2051 Ad
500 2003 630 2050 hanc
676 2002 846 2066 legem
893 2008 1041 2049 natus
1087 2018 1154 2049 es.
1243 2002 1358 2049 Hoc
1403 2007 1533 2066 patri
1579 2010 1668 2053 tuo

170 2095 370 2152 accidit,
394 2093 489 2139 hoc
520 2094 684 2149 matri,
709 2090 806 2138 hoc
839 2091 1124 2149 maioribus,
1153 2089 1249 2138 hoc
1283 2092 1513 2139 omnibus
1547 2100 1667 2142 ante

169 2191 241 2244 te,
282 2183 379 2230 hoc
419 2181 650 2229 omnibus
696 2186 812 2242 post
856 2186 924 2227 te.
998 2179 1163 2227 Series
1204 2183 1391 2227 invicta
1431 2187 1485 2227 et
1529 2177 1699 2254 nulla&

86 2281 147 2328 13
170 2271 424 2319 mutabilis
448 2286 544 2333 ope
568 2269 798 2332 inligavit
821 2285 879 2315 ac
908 2267 1065 2315 trahit
1088 2274 1282 2316 cuncta.
1357 2267 1588 2327 Quantus
1612 2276 1666 2319 te

169 2360 384 2427 populus
428 2361 781 2404 moriturorum
828 2357 1101 2421 sequetur?
1183 2354 1414 2414 Quantus
1462 2361 1691 2406 comita·
1683 2348 1702 2382 '⁴

235 2477 372 2519 “For
399 2475 478 2518 the
507 2488 631 2517 same
649 2474 844 2539 thought
863 2475 918 2529 cf.
942 2475 1032 2529 Ep.
1054 2474 1158 2518 xlix.
1180 2476 1210 2516 3
1230 2480 1445 2529 punctum
1463 2480 1523 2516 est
1550 2476 1665 2531 quod

166 2533 350 2577 vivimus
367 2536 406 2572 et
425 2530 568 2572 adhuc
580 2535 744 2584 puncto
765 2530 919 2572 minus.

236 2589 253 2614 ὃ
280 2585 451 2638 Vergil,
472 2584 658 2632 Aeneid,
680 2585 736 2625 vi.
760 2586 855 2626 376.

173 2655 267 2702 174
