1702 2918
406 143 554 190 THE
589 142 911 191 EPISTLES
947 142 1038 191 OF
1072 142 1339 191 SENECA
1681 54 1691 266 ἰ,

750 282 992 332 LXXIII.

469 409 664 458 SENECA
700 409 903 457 chtuo
939 427 1024 458 svo
1058 427 1277 459 SALVTEM

69 523 96 571 1
206 519 383 567 Errare
407 518 532 565 mihi
558 519 809 577 videntur,
834 522 921 582 qui
953 522 1243 567 existimant
1275 519 1619 584 philosophiae
1701 563 1702 566 ,

121 587 341 635 fideliter
364 586 562 634 deditos
587 592 907 634 contumaces
932 603 1040 634 esse
1069 604 1127 633 ac
1150 587 1479 647 refractarios,
1502 604 1619 635 con-

121 661 398 717 temptores
444 657 830 717 magistratuum
875 660 964 701 aut
1009 670 1187 717 regum
1233 671 1484 714 eorumve,
1530 671 1619 718 per
1697 660 1702 716 „j

121 739 245 785 quos
292 721 493 785 publica
538 721 964 768 administrantur.
1059 722 1136 768 Ex
1181 725 1429 769 contrario
1483 726 1619 770 enim
1701 764 1702 784 3

122 790 248 836 nulli
295 789 531 836 adversus
577 788 689 835 illos
737 792 980 851 gratiores
1026 795 1174 846 sunt3
1227 805 1322 836 nec
1368 793 1616 839 inmerito.

123 857 286 903 Nullis
306 859 441 903 enim
460 856 573 918 plus
592 862 850 918 praestant
867 872 1018 919 quam
1036 857 1216 919 quibus
1234 856 1331 904 frui
1349 857 1619 920 tranquillo

69 924 99 971 2
122 928 225 971 otio
249 924 382 971 licet.
457 924 636 986 Itaque
660 927 711 980 ii,
736 924 917 987 quibus
940 923 1159 970 multum
1174 924 1188 949 ¹
1213 923 1278 970 ad
1308 929 1619 987 propositum

121 993 254 1039 bene
294 990 495 1038 vivendi
537 990 735 1038 confert
775 994 1013 1037 securitas
1049 990 1263 1053 publica,
1299 1008 1505 1039 necesse
1541 998 1620 1040 est

120 1065 377 1106 auctorem
422 1057 570 1105 huius
623 1058 741 1105 boni
796 1064 855 1105 ut
909 1065 1174 1120 parentem
1227 1058 1411 1117 colant,
1457 1059 1619 1106 multo

120 1127 326 1190 quidem
357 1129 516 1189 magis
549 1142 699 1189 quam
723 1125 795 1172 illi
828 1129 1043 1189 inquieti
1078 1131 1132 1173 et
1166 1129 1220 1172 in
1251 1126 1419 1174 medio
1454 1130 1618 1189 positi,

120 1197 204 1257 qui
239 1193 397 1240 multa
430 1194 736 1256 principibus
759 1193 968 1251 debent,
993 1192 1080 1240 sed
1106 1192 1266 1240 multa
1289 1200 1344 1241 et
1366 1197 1619 1257 inputant,

120 1262 301 1324 quibus
325 1277 600 1323 numquam
626 1266 729 1307 tam
754 1260 905 1323 plene
929 1277 1188 1308 occurrere
1214 1261 1315 1308 ulla
1346 1261 1618 1309 liberalitas

120 1335 305 1391 potest,
342 1334 400 1375 ut
441 1327 745 1390 cupiditates
780 1327 996 1386 illorum,
1037 1345 1166 1391 quae
1207 1335 1455 1388 crescunt,
1497 1328 1618 1376 dum

119 1396 412 1459 implentur,
444 1399 672 1443 exsatiet.
745 1395 984 1459 Quisquis
1018 1401 1189 1443 autem
1225 1396 1290 1443 de
1325 1396 1618 1459 accipiendo

120 1467 327 1527 cogitat,
352 1462 538 1510 oblitus
570 1465 766 1526 accepti
799 1469 907 1519 est3
949 1479 1044 1510 nec
1071 1462 1228 1510 ullum
1252 1463 1408 1511 habet
1431 1463 1618 1511 malum

66 1536 98 1585 3
120 1531 367 1594 cupiditas
385 1534 560 1588 maius,
579 1547 727 1594 quam
748 1529 883 1594 quod
907 1533 1104 1593 ingrata
1122 1537 1212 1578 est.
1287 1531 1447 1578 Adice
1466 1548 1618 1590 nunc,

119 1598 254 1662 quod
287 1614 437 1646 nemo
462 1614 650 1655 eorum,
676 1601 762 1661 qui
791 1601 843 1644 in
876 1614 929 1645 re
962 1598 1162 1661 publica
1195 1605 1465 1659 versantur,
1493 1604 1618 1662 quot
1695 1628 1697 1634 ν

118 1670 303 1724 vincat,
332 1665 421 1713 sed
455 1683 486 1712 a
520 1666 700 1729 quibus
736 1668 980 1724 vincatur,
1014 1669 1205 1728 aspicit.
1280 1666 1348 1714 Et
1382 1666 1480 1713 illis
1516 1683 1617 1714 non
1701 1714 1702 1719 ,

118 1739 222 1780 tam
247 1732 522 1780 iucundum
547 1739 626 1780 est
650 1732 834 1780 multos
860 1739 972 1795 post
995 1749 1049 1780 se
1082 1733 1252 1781 videre
1284 1749 1432 1797 quam
1466 1750 1617 1796 grave

117 1801 336 1864 aliquem
361 1806 481 1848 ante
514 1816 580 1848 se.
659 1800 831 1848 Habet
863 1800 958 1848 hoc
983 1803 1159 1847 vitium
1189 1804 1349 1848 omnis
1379 1802 1617 1859 ambitio;

117 1885 220 1915 non
267 1872 482 1931 respicit.
575 1868 684 1915 Nec
729 1868 937 1915 ambitio
984 1874 1184 1915 tantum
1230 1869 1476 1916 instabilis
1523 1874 1617 1927 est,

118 1952 292 1983 verum
317 1936 564 1999 cupiditas
587 1938 764 1994 omnis,
789 1939 907 1999 quia
930 1938 1108 1998 incipit
1130 1951 1330 1998 semper
1351 1953 1381 1982 a
1404 1936 1516 1983 fine.

67 2005 97 2051 4
204 2004 276 2050 At
299 2003 386 2051 ille
413 2007 486 2050 vir
508 2006 729 2050 sincerus
752 2019 810 2050 ac
836 2019 1003 2066 purus,
1022 2006 1107 2067 qui
1133 2003 1337 2067 reliquit
1355 2009 1408 2050 et
1432 2006 1615 2051 curiam

120 2076 174 2118 et
210 2070 373 2118 forum
409 2077 464 2118 et
497 2087 699 2118 omnem
733 2070 1219 2118 administrationem
1256 2074 1327 2118 rei
1369 2071 1612 2134 publicae,
1701 2086 1702 2093 ¹

496 2156 510 2182 ¹
538 2157 725 2198 multum
746 2156 928 2204 Haase;
957 2157 1098 2198 altum
1117 2154 1245 2199 VPb.

1694 1541 1698 1594 —-2-
1695 1450 1702 1526 τ-ᾼψ-
1694 1353 1702 1438 -υ-ψῆ
1696 1272 1702 1330 “2-
1694 1132 1702 1261 wv-——u—
1695 1107 1699 1118 a
1693 952 1702 1090 ν--υ-

184 2249 207 2268 ⁶
233 2239 341 2281 This
359 2239 492 2281 letter
510 2240 548 2280 is
572 2238 811 2293 especially
831 2240 1097 2291 interesting
1123 2238 1315 2279 because
1340 2238 1392 2279 of
1415 2240 1472 2280 its
1492 2242 1617 2280 auto-
1692 2233 1695 2283 ,³

118 2294 420 2348 biographical
450 2294 587 2341 hints,
609 2293 699 2334 and
727 2295 784 2334 its
814 2292 998 2333 relation
1025 2295 1073 2333 to
1099 2290 1306 2334 Seneca's
1334 2306 1433 2334 own
1464 2293 1615 2334 efforts

117 2354 166 2391 to
186 2350 242 2391 be
262 2348 329 2389 rid
347 2349 399 2389 of
414 2351 541 2389 court
562 2347 637 2388 life
656 2346 745 2388 and
765 2346 874 2388 seek
894 2347 972 2387 the
992 2346 1151 2388 leisure
1177 2346 1229 2388 of
1250 2346 1330 2388 the
1349 2359 1469 2400 sage.
1530 2346 1614 2389 See

118 2404 196 2446 the
217 2402 526 2445 Introduction
546 2405 593 2443 to
614 2401 715 2442 Vol.
742 2401 777 2444 Ι.
801 2414 875 2454 pp.
899 2402 973 2442 viii
993 2400 1025 2443 f.

183 2459 201 2485 ὃ
231 2457 300 2513 Of.
326 2456 520 2503 Horace,
544 2456 637 2497 Sat.
661 2457 687 2498 i.
717 2458 751 2497 l.
778 2458 855 2496 115
875 2454 967 2497 f.—

411 2521 534 2553 Instat
548 2520 650 2560 equis
664 2520 789 2561 auriga
803 2527 889 2552 suos
904 2518 1148 2560 vincentibus,
1163 2519 1268 2552 illum

409 2563 656 2596 Praeteritum
672 2563 838 2595 temnens
854 2564 1035 2595 extremos
1050 2562 1147 2595 inter
1160 2562 1319 2595 euntem.

122 2623 215 2666 104
