1702 2918
459 161 606 208 THE
641 161 960 210 EPISTLES
997 162 1088 211 OF
1122 162 1388 210 SENECA

176 271 340 330 posito
363 272 550 317 ieiunio
575 287 752 334 corpus
775 271 1006 318 exhaurit
1030 278 1084 319 et
1106 278 1302 335 purgat.
1374 272 1434 330 Ii,
1459 287 1666 334 quorum

178 349 334 413 pedes
366 351 508 398 dolor
538 355 741 414 repetit,
773 359 862 400 aut
894 356 1009 400 vino
1040 359 1128 400 aut
1163 353 1362 400 balineo
1393 353 1664 400 abstinent.

179 430 240 478 In
269 439 437 480 cetera
464 434 798 497 neglegentes
831 433 963 492 huic,
986 451 1016 481 a
1040 450 1139 498 quo
1171 451 1320 497 saepe
1348 433 1667 492 infestantur,
1691 454 1693 459 ·

176 520 473 571 occurrunt3
514 518 583 562 sic
614 519 667 562 in
698 519 864 562 animo
894 523 1064 563 nostro
1097 523 1214 563 sunt
1249 516 1495 579 quaedam
1526 518 1666 579 quasi

177 599 425 643 causariae
450 602 632 659 partes,
657 598 836 660 quibus
859 597 1146 644 adhibenda
1169 600 1358 644 curatio
1383 604 1474 644 est.

125 682 155 728 8
261 676 400 735 Quid
450 680 504 724 in
556 681 660 724 otio
705 677 869 725 facio?
963 678 1120 726 Ulcus
1171 695 1340 726 meum
1388 695 1516 725 curo.
1613 677 1667 726 Si

176 758 496 806 ostenderem
541 760 634 806 tibi
680 759 865 823 pedem
906 760 1179 824 turgidum,
1220 760 1423 807 lividam
1462 775 1667 806 manum
1700 755 1702 764 ⁴

175 846 264 887 aut
299 845 543 888 contracti
579 845 732 888 cruris
766 841 929 889 aridos
963 859 1156 901 nervos,
1189 846 1508 905 permitteres
1543 840 1667 888 mihi
1701 835 1702 844 ¹

176 939 277 969 uno
317 922 427 969 loco
467 927 629 971 iacere
670 929 725 971 et
764 923 932 971 fovere
968 924 1195 970 morbum
1235 940 1416 971 meum.
1504 923 1668 970 Maius
1699 936 1702 982 ξ

177 1005 363 1052 malum
387 1011 465 1052 est
489 1005 600 1063 hoc,
624 1005 759 1068 quod
790 1022 892 1052 non
923 1021 1125 1069 possum
1155 1006 1250 1052 tibi
1281 1004 1579 1061 ostendere3
1613 1007 1664 1053 in
1699 1020 1702 1031 ¹

176 1093 381 1149 pectore
426 1090 534 1150 ipso
581 1086 812 1135 collectio
858 1094 913 1135 et
957 1091 1150 1135 vomica
1195 1093 1285 1135 est.
1377 1087 1505 1134 Nolo
1550 1085 1663 1133 nolo

175 1167 366 1226 laudes,
401 1168 518 1215 nolo
552 1168 717 1215 dicas:
753 1173 830 1216 “o
864 1185 1104 1232 magnum
1139 1171 1326 1217 virum!
1364 1171 1668 1231 contempsit

176 1253 343 1297 omnia
377 1256 431 1298 et
471 1250 719 1298 damnatis
754 1250 1002 1298 humanae
1037 1254 1170 1299 vitae
1205 1250 1451 1298 furoribus
1486 1249 1664 1314 fugit.''

128 1339 155 1385 9
181 1331 319 1378 Nihil
353 1331 585 1379 damnavi
620 1335 715 1379 nisi
755 1348 850 1380 me.
938 1331 1054 1379 Non
1089 1339 1168 1380 est
1202 1331 1335 1396 quod
1378 1331 1668 1395 proficiendi
1700 1361 1702 1363 -

176 1429 324 1460 causa
358 1417 528 1462 venire
562 1413 626 1461 ad
667 1430 749 1461 me
789 1414 925 1462 velis.
998 1414 1160 1471 Erras,
1195 1417 1281 1477 qui
1322 1413 1439 1460 hinc
1479 1412 1668 1477 aliquid

176 1495 346 1542 auxilii
378 1511 575 1558 speras3
615 1511 718 1542 non
753 1495 993 1554 medicus,
1029 1495 1119 1543 sed
1154 1511 1305 1558 aeger
1339 1494 1420 1541 hic
1455 1493 1664 1541 habitat.

179 1577 333 1636 Malo,
375 1593 488 1625 cum
529 1577 828 1636 discesseris,
869 1577 1034 1625 dicas:
1086 1582 1230 1641 “ego
1270 1580 1422 1624 istum
1462 1577 1667 1624 beatum

176 1659 431 1707 hominem
467 1660 707 1723 putabam
742 1665 796 1707 et
836 1659 1102 1707 eruditum.
1191 1659 1461 1707 Erexeram
1495 1674 1668 1715 aures;

176 1741 451 1789 destitutus
486 1758 608 1788 sum.
697 1740 834 1788 Nihil
869 1741 987 1799 vidi,
1019 1740 1145 1787 nihil
1177 1740 1360 1799 audii)v
1385 1739 1520 1804 quod
1552 1756 1668 1787 con-

177 1827 502 1886 cupiscerem,
536 1823 601 1871 ad
636 1823 771 1886 quod
805 1822 1130 1870 reverterer.’'
1202 1821 1254 1869 Si
1290 1821 1385 1869 hoc
1420 1825 1592 1880 sentis,
1628 1825 1668 1869 si

178 1905 274 1952 hoc
305 1905 538 1969 loqueris,
569 1905 759 1969 aliquid
794 1904 1076 1969 profectum
1108 1910 1198 1953 est.
1273 1904 1410 1950 Malo
1441 1908 1667 1967 ignoscas

176 1991 279 2035 otio
303 2004 418 2035 meo
441 2004 590 2052 quam
614 1987 848 2035 invideas.

99 2065 157 2112 10
260 2074 292 2098 “
309 2069 533 2128 Otium,”
592 2073 773 2134 inquis,
820 2073 852 2097 “
867 2067 1076 2127 Seneca,
1135 2067 1453 2116 commendas
1509 2067 1667 2114 mihi?

423 2200 439 2225 ¹
467 2200 592 2241 audii
611 2198 873 2247 Rossbach;
901 2199 1052 2241 audivi
1069 2198 1212 2247 VPb;
1241 2199 1364 2240 laudi
1382 2212 1425 2252 p.

244 2315 266 2335 ⁶
295 2306 498 2348 Camarii
516 2305 667 2359 (Livy,
689 2307 746 2347 vi.
771 2306 814 2357 6)
833 2318 949 2346 were
968 2304 1152 2346 soldiers
1171 2317 1229 2346 on
1250 2303 1347 2346 sick
1366 2304 1503 2346 leave.

180 2419 199 2457 l
242 2361 403 2456 gal-³³1³&
396 2374 455 2443 an
474 2363 713 2414 argument
730 2359 782 2401 of
801 2359 881 2401 the
900 2372 1024 2401 same
1043 2362 1137 2401 sort
1156 2372 1231 2400 see
1252 2358 1446 2406 Horace,
1467 2358 1614 2413 Epist.
1636 2359 1665 2402 i.

471 2480 506 2513 si
524 2480 672 2512 curatus
689 2478 868 2520 inaequali
883 2478 1030 2512 tonsore
1043 2478 1195 2519 capillos

471 2521 632 2562 occurri,
650 2519 746 2553 rides
767 2543 777 2554 .
803 2544 813 2554 .
836 2543 846 2554 .

473 2586 483 2597 .
507 2587 517 2597 .
543 2586 553 2596 .
577 2562 678 2603 quid,
695 2571 774 2596 mea
788 2571 872 2596 cum
887 2562 1028 2604 pugnat
1042 2562 1226 2595 sententia
1241 2561 1387 2596 tecum?

180 2624 243 2667 48
