<?xml version="1.0" encoding="UTF-8"?>
<!DOCTYPE html PUBLIC "-//W3C//DTD XHTML 1.0 Transitional//EN"
    "http://www.w3.org/TR/xhtml1/DTD/xhtml1-transitional.dtd">
<html xmlns="http://www.w3.org/1999/xhtml" xml:lang="en" lang="en">
 <head>
  <title>
</title>
<meta http-equiv="Content-Type" content="text/html;charset=utf-8" />
  <meta name='ocr-system' content='tesseract 3.04.00' />
  <meta name='ocr-capabilities' content='ocr_page ocr_carea ocr_par ocr_line ocrx_word'/>
</head>
<body>
  <div class='ocr_page' id='page_1' title='image "adluciliumepistu02seneuoft_0430.png"; bbox 0 0 1702 2918; ppageno 0'>
   <div class='ocr_carea' id='block_1_1' title="bbox 490 123 1426 172">
    <p class='ocr_par' dir='ltr' id='par_1_1' title="bbox 490 123 1426 172">
     <span class='ocr_line' id='line_1_1' title="bbox 490 123 1426 172; baseline 0 0"><span class='ocrx_word' id='word_1_1' title='bbox 490 125 638 172; x_wconf 93' lang='lat' dir='ltr'><strong>THE</strong></span> <span class='ocrx_word' id='word_1_2' title='bbox 675 123 996 172; x_wconf 90' lang='lat' dir='ltr'>EPISTLES</span> <span class='ocrx_word' id='word_1_3' title='bbox 1034 123 1125 171; x_wconf 90' lang='lat' dir='ltr'><strong>OF</strong></span> <span class='ocrx_word' id='word_1_4' title='bbox 1160 124 1426 172; x_wconf 90' lang='lat' dir='ltr'>SENECA</span> 
     </span>
    </p>
   </div>
   <div class='ocr_carea' id='block_1_2' title="bbox 126 232 1702 1709">
    <p class='ocr_par' dir='ltr' id='par_1_2' title="bbox 126 232 1689 498">
     <span class='ocr_line' id='line_1_2' title="bbox 126 232 1671 296; baseline -0.003 -16"><span class='ocrx_word' id='word_1_5' title='bbox 126 242 188 288; x_wconf 89' lang='lat'><strong>32</strong></span> <span class='ocrx_word' id='word_1_6' title='bbox 295 238 329 262; x_wconf 90' lang='lat'><em>“</em></span> <span class='ocrx_word' id='word_1_7' title='bbox 344 232 711 291; x_wconf 90' lang='lat' dir='ltr'><strong>Democritus,”</strong></span> <span class='ocrx_word' id='word_1_8' title='bbox 728 236 908 296; x_wconf 91' lang='lat' dir='ltr'><strong>inquit,</strong></span> <span class='ocrx_word' id='word_1_9' title='bbox 924 237 956 260; x_wconf 91' lang='lat'><strong>“</strong></span> <span class='ocrx_word' id='word_1_10' title='bbox 970 235 1222 280; x_wconf 90' lang='lat' dir='ltr'><strong>invenisse</strong></span> <span class='ocrx_word' id='word_1_11' title='bbox 1239 233 1424 280; x_wconf 88' lang='lat' dir='ltr'><strong>dicitur</strong></span> <span class='ocrx_word' id='word_1_12' title='bbox 1446 233 1634 280; x_wconf 88' lang='lat' dir='ltr'><strong>fornice</strong></span> <span class='ocrx_word' id='word_1_13' title='bbox 1648 256 1671 276; x_wconf 71' lang='lat' dir='ltr'>u</span> 
     </span>
     <span class='ocr_line' id='line_1_3' title="bbox 213 300 1688 364; baseline -0.001 -15"><span class='ocrx_word' id='word_1_14' title='bbox 213 308 269 349; x_wconf 89' lang='lat' dir='ltr'><strong>ut</strong></span> <span class='ocrx_word' id='word_1_15' title='bbox 301 301 526 364; x_wconf 91' lang='lat' dir='ltr'><strong>lapidum</strong></span> <span class='ocrx_word' id='word_1_16' title='bbox 561 306 823 348; x_wconf 83' lang='lat' dir='ltr'><strong>curvatura</strong></span> <span class='ocrx_word' id='word_1_17' title='bbox 862 300 1106 363; x_wconf 90' lang='lat' dir='ltr'><strong>paulatim</strong></span> <span class='ocrx_word' id='word_1_18' title='bbox 1145 300 1498 347; x_wconf 84' lang='lat' dir='ltr'><strong>inclinatorum</strong></span> <span class='ocrx_word' id='word_1_19' title='bbox 1537 301 1654 348; x_wconf 91' lang='lat' dir='ltr'><strong>med</strong></span> <span class='ocrx_word' id='word_1_20' title='bbox 1668 313 1688 364; x_wconf 23' lang='grc' dir='ltr'><strong>’,Δ</strong></span> 
     </span>
     <span class='ocr_line' id='line_1_4' title="bbox 210 367 1687 430; baseline 0.001 -15"><span class='ocrx_word' id='word_1_21' title='bbox 210 385 327 416; x_wconf 89' lang='lat' dir='ltr'><strong>saxo</strong></span> <span class='ocrx_word' id='word_1_22' title='bbox 362 367 698 430; x_wconf 88' lang='lat' dir='ltr'><strong>alligaretur.”</strong></span> <span class='ocrx_word' id='word_1_23' title='bbox 772 367 888 414; x_wconf 93' lang='lat' dir='ltr'><strong>Hoc</strong></span> <span class='ocrx_word' id='word_1_24' title='bbox 922 367 1086 414; x_wconf 91' lang='lat' dir='ltr'><strong>dicam</strong></span> <span class='ocrx_word' id='word_1_25' title='bbox 1120 367 1300 414; x_wconf 87' lang='lat' dir='ltr'><strong>falsum</strong></span> <span class='ocrx_word' id='word_1_26' title='bbox 1325 383 1463 423; x_wconf 88' lang='lat' dir='ltr'><strong>esse;</strong></span> <span class='ocrx_word' id='word_1_27' title='bbox 1498 381 1687 416; x_wconf 89' lang='lat' dir='ltr'><strong>neces</strong></span> 
     </span>
     <span class='ocr_line' id='line_1_5' title="bbox 210 435 1687 498; baseline -0.002 -14"><span class='ocrx_word' id='word_1_28' title='bbox 210 442 288 484; x_wconf 91' lang='lat' dir='ltr'><strong>est</strong></span> <span class='ocrx_word' id='word_1_29' title='bbox 312 439 448 483; x_wconf 85' lang='lat' dir='ltr'><strong>enim</strong></span> <span class='ocrx_word' id='word_1_30' title='bbox 471 441 590 482; x_wconf 87' lang='lat' dir='ltr'><strong>ante</strong></span> <span class='ocrx_word' id='word_1_31' title='bbox 617 435 963 482; x_wconf 87' lang='lat' dir='ltr'><strong>Democritum</strong></span> <span class='ocrx_word' id='word_1_32' title='bbox 987 441 1042 482; x_wconf 90' lang='lat' dir='ltr'><strong>et</strong></span> <span class='ocrx_word' id='word_1_33' title='bbox 1063 441 1244 497; x_wconf 90' lang='lat' dir='ltr'><strong>pontes</strong></span> <span class='ocrx_word' id='word_1_34' title='bbox 1268 441 1323 482; x_wconf 89' lang='lat' dir='ltr'><strong>et</strong></span> <span class='ocrx_word' id='word_1_35' title='bbox 1345 441 1512 498; x_wconf 88' lang='lat' dir='ltr'><strong>portas</strong></span> <span class='ocrx_word' id='word_1_36' title='bbox 1535 435 1687 483; x_wconf 87' lang='lat' dir='ltr'><strong>fuiss</strong></span> 
     </span>
    </p>

    <p class='ocr_par' dir='ltr' id='par_1_3' title="bbox 126 497 1682 1035">
     <span class='ocr_line' id='line_1_6' title="bbox 126 502 1680 566; baseline 0 -16"><span class='ocrx_word' id='word_1_37' title='bbox 126 513 188 559; x_wconf 91' lang='lat'><strong>33</strong></span> <span class='ocrx_word' id='word_1_38' title='bbox 211 519 419 566; x_wconf 89' lang='lat' dir='ltr'><strong>quarum</strong></span> <span class='ocrx_word' id='word_1_39' title='bbox 443 502 550 550; x_wconf 85' lang='lat' dir='ltr'><strong>fere</strong></span> <span class='ocrx_word' id='word_1_40' title='bbox 574 518 766 549; x_wconf 90' lang='lat' dir='ltr'><strong>summa</strong></span> <span class='ocrx_word' id='word_1_41' title='bbox 800 508 1080 548; x_wconf 90' lang='lat' dir='ltr'><strong>curvantur.</strong></span> <span class='ocrx_word' id='word_1_42' title='bbox 1154 502 1356 549; x_wconf 83' lang='lat' dir='ltr'><strong>Excidit</strong></span> <span class='ocrx_word' id='word_1_43' title='bbox 1391 518 1535 565; x_wconf 89' lang='lat' dir='ltr'><strong>porro</strong></span> <span class='ocrx_word' id='word_1_44' title='bbox 1567 503 1680 550; x_wconf 91' lang='lat' dir='ltr'><strong>vob</strong></span> 
     </span>
     <span class='ocr_line' id='line_1_7' title="bbox 212 569 1644 632; baseline 0.001 -15"><span class='ocrx_word' id='word_1_45' title='bbox 212 570 431 617; x_wconf 89' lang='lat' dir='ltr'><strong>eundem</strong></span> <span class='ocrx_word' id='word_1_46' title='bbox 458 569 801 617; x_wconf 88' lang='lat' dir='ltr'><strong>Democritum</strong></span> <span class='ocrx_word' id='word_1_47' title='bbox 836 572 1104 626; x_wconf 90' lang='lat' dir='ltr'><strong>invenisse,</strong></span> <span class='ocrx_word' id='word_1_48' title='bbox 1128 569 1552 632; x_wconf 82' lang='lat' dir='ltr'><strong>quemadmodum</strong></span> <span class='ocrx_word' id='word_1_49' title='bbox 1581 570 1644 618; x_wconf 91' lang='lat' dir='ltr'><strong>eb</strong></span> 
     </span>
     <span class='ocr_line' id='line_1_8' title="bbox 211 636 1664 700; baseline 0 -16"><span class='ocrx_word' id='word_1_50' title='bbox 211 637 505 695; x_wconf 84' lang='lat' dir='ltr'><strong>molliretur,</strong></span> <span class='ocrx_word' id='word_1_51' title='bbox 567 636 991 700; x_wconf 84' lang='lat' dir='ltr'><strong>quemadmodum</strong></span> <span class='ocrx_word' id='word_1_52' title='bbox 1059 636 1297 683; x_wconf 90' lang='lat' dir='ltr'><strong>decoctus</strong></span> <span class='ocrx_word' id='word_1_53' title='bbox 1365 636 1583 684; x_wconf 89' lang='lat' dir='ltr'><strong>calculus</strong></span> <span class='ocrx_word' id='word_1_54' title='bbox 1653 640 1664 651; x_wconf 87' lang='grc'><strong>”</strong></span> 
     </span>
     <span class='ocr_line' id='line_1_9' title="bbox 211 702 1644 768; baseline -0.003 -18"><span class='ocrx_word' id='word_1_55' title='bbox 211 704 533 768; x_wconf 90' lang='lat' dir='ltr'><strong>zmaragdum</strong></span> <span class='ocrx_word' id='word_1_56' title='bbox 561 709 952 760; x_wconf 86' lang='lat' dir='ltr'><strong>converteretur,</strong></span> <span class='ocrx_word' id='word_1_57' title='bbox 977 719 1076 766; x_wconf 92' lang='lat' dir='ltr'><strong>qua</strong></span> <span class='ocrx_word' id='word_1_58' title='bbox 1110 702 1362 767; x_wconf 88' lang='lat' dir='ltr'><strong>hodieque</strong></span> <span class='ocrx_word' id='word_1_59' title='bbox 1393 710 1596 751; x_wconf 89' lang='lat' dir='ltr'><strong>coctura</strong></span> <span class='ocrx_word' id='word_1_60' title='bbox 1632 707 1644 718; x_wconf 86' lang='grc'><em>·</em></span> 
     </span>
     <span class='ocr_line' id='line_1_10' title="bbox 212 770 1666 834; baseline 0 -15"><span class='ocrx_word' id='word_1_61' title='bbox 212 775 352 820; x_wconf 91' lang='lat' dir='ltr'><strong>venti</strong></span> <span class='ocrx_word' id='word_1_62' title='bbox 381 771 572 833; x_wconf 91' lang='lat' dir='ltr'><strong>lapides</strong></span> <span class='ocrx_word' id='word_1_63' title='bbox 596 774 649 817; x_wconf 91' lang='lat' dir='ltr'><strong>in</strong></span> <span class='ocrx_word' id='word_1_64' title='bbox 666 771 683 801; x_wconf 80' lang='lat'>1</span> <span class='ocrx_word' id='word_1_65' title='bbox 713 770 810 817; x_wconf 92' lang='lat' dir='ltr'><strong>hoc</strong></span> <span class='ocrx_word' id='word_1_66' title='bbox 834 770 984 817; x_wconf 87' lang='lat' dir='ltr'><strong>utiles</strong></span> <span class='ocrx_word' id='word_1_67' title='bbox 1013 770 1308 818; x_wconf 86' lang='lat' dir='ltr'><strong>colorantur.</strong></span> <span class='ocrx_word' id='word_1_68' title='bbox 1381 770 1485 818; x_wconf 89' lang='lat' dir='ltr'><strong>Ista</strong></span> <span class='ocrx_word' id='word_1_69' title='bbox 1509 775 1666 834; x_wconf 81' lang='lat' dir='ltr'><strong>sapie</strong></span> 
     </span>
     <span class='ocr_line' id='line_1_11' title="bbox 212 838 1670 901; baseline -0.001 -15"><span class='ocrx_word' id='word_1_70' title='bbox 212 839 333 886; x_wconf 91' lang='lat' dir='ltr'><strong>licet</strong></span> <span class='ocrx_word' id='word_1_71' title='bbox 356 841 622 896; x_wconf 88' lang='lat' dir='ltr'><strong>invenerit,</strong></span> <span class='ocrx_word' id='word_1_72' title='bbox 646 854 748 884; x_wconf 90' lang='lat' dir='ltr'><strong>non</strong></span> <span class='ocrx_word' id='word_1_73' title='bbox 779 854 878 901; x_wconf 87' lang='lat' dir='ltr'><strong>qua</strong></span> <span class='ocrx_word' id='word_1_74' title='bbox 909 841 1108 900; x_wconf 89' lang='lat' dir='ltr'><strong>sapiens</strong></span> <span class='ocrx_word' id='word_1_75' title='bbox 1137 844 1261 896; x_wconf 87' lang='lat' dir='ltr'><strong>erat,</strong></span> <span class='ocrx_word' id='word_1_76' title='bbox 1284 840 1511 895; x_wconf 88' lang='lat' dir='ltr'><strong>invenit;</strong></span> <span class='ocrx_word' id='word_1_77' title='bbox 1546 838 1670 886; x_wconf 91' lang='lat' dir='ltr'><strong>mul</strong></span> 
     </span>
     <span class='ocr_line' id='line_1_12' title="bbox 212 905 1665 969; baseline -0.001 -16"><span class='ocrx_word' id='word_1_78' title='bbox 212 910 345 954; x_wconf 91' lang='lat' dir='ltr'><strong>enim</strong></span> <span class='ocrx_word' id='word_1_79' title='bbox 382 905 520 964; x_wconf 88' lang='lat' dir='ltr'><strong>facit,</strong></span> <span class='ocrx_word' id='word_1_80' title='bbox 544 921 673 968; x_wconf 89' lang='lat' dir='ltr'><strong>quae</strong></span> <span class='ocrx_word' id='word_1_81' title='bbox 707 905 772 951; x_wconf 92' lang='lat' dir='ltr'><strong>ab</strong></span> <span class='ocrx_word' id='word_1_82' title='bbox 805 905 1258 967; x_wconf 90' lang='lat' dir='ltr'><strong>inprudentissimis</strong></span> <span class='ocrx_word' id='word_1_83' title='bbox 1293 910 1382 952; x_wconf 89' lang='lat' dir='ltr'><strong>aut</strong></span> <span class='ocrx_word' id='word_1_84' title='bbox 1415 921 1575 969; x_wconf 91' lang='lat' dir='ltr'><strong>aeque</strong></span> <span class='ocrx_word' id='word_1_85' title='bbox 1599 905 1665 952; x_wconf 91' lang='lat' dir='ltr'><strong>fi</strong></span> 
     </span>
     <span class='ocr_line' id='line_1_13' title="bbox 213 973 1354 1035; baseline -0.002 -15"><span class='ocrx_word' id='word_1_86' title='bbox 213 973 438 1021; x_wconf 91' lang='lat' dir='ltr'><strong>videmus</strong></span> <span class='ocrx_word' id='word_1_87' title='bbox 454 973 472 1003; x_wconf 82' lang='lat'>2</span> <span class='ocrx_word' id='word_1_88' title='bbox 497 979 585 1019; x_wconf 90' lang='lat' dir='ltr'><strong>aut</strong></span> <span class='ocrx_word' id='word_1_89' title='bbox 608 975 817 1035; x_wconf 89' lang='lat' dir='ltr'><strong>peritius</strong></span> <span class='ocrx_word' id='word_1_90' title='bbox 841 979 995 1035; x_wconf 88' lang='lat' dir='ltr'><strong>atque</strong></span> <span class='ocrx_word' id='word_1_91' title='bbox 1019 975 1354 1019; x_wconf 87' lang='lat' dir='ltr'><strong>exercitatius.</strong></span> 
     </span>
    </p>

    <p class='ocr_par' dir='ltr' id='par_1_4' title="bbox 127 1039 1702 1709">
     <span class='ocr_line' id='line_1_14' title="bbox 127 1039 1634 1103; baseline 0 -17"><span class='ocrx_word' id='word_1_92' title='bbox 127 1047 190 1094; x_wconf 87' lang='lat'><strong>34</strong></span> <span class='ocrx_word' id='word_1_93' title='bbox 297 1039 434 1099; x_wconf 87' lang='lat' dir='ltr'><strong>Quid</strong></span> <span class='ocrx_word' id='word_1_94' title='bbox 481 1043 678 1102; x_wconf 89' lang='lat' dir='ltr'><strong>sapiens</strong></span> <span class='ocrx_word' id='word_1_95' title='bbox 713 1043 1107 1102; x_wconf 86' lang='lat' dir='ltr'><strong>investigaverit,</strong></span> <span class='ocrx_word' id='word_1_96' title='bbox 1141 1039 1264 1103; x_wconf 91' lang='lat' dir='ltr'><strong>quid</strong></span> <span class='ocrx_word' id='word_1_97' title='bbox 1309 1043 1362 1085; x_wconf 92' lang='lat' dir='ltr'><strong>in</strong></span> <span class='ocrx_word' id='word_1_98' title='bbox 1402 1039 1569 1087; x_wconf 87' lang='lat' dir='ltr'><strong>lucem</strong></span> <span class='ocrx_word' id='word_1_99' title='bbox 1600 1055 1634 1103; x_wconf 92' lang='lat' dir='ltr'>p</span> 
     </span>
     <span class='ocr_line' id='line_1_15' title="bbox 210 1106 1655 1171; baseline -0.001 -15"><span class='ocrx_word' id='word_1_100' title='bbox 210 1111 436 1165; x_wconf 80' lang='lat' dir='ltr'><strong>traxerit,</strong></span> <span class='ocrx_word' id='word_1_101' title='bbox 454 1108 683 1170; x_wconf 88' lang='lat' dir='ltr'><strong>quaeris?</strong></span> <span class='ocrx_word' id='word_1_102' title='bbox 755 1106 975 1153; x_wconf 90' lang='lat' dir='ltr'><strong>Primum</strong></span> <span class='ocrx_word' id='word_1_103' title='bbox 998 1123 1172 1154; x_wconf 88' lang='lat' dir='ltr'><strong>verum</strong></span> <span class='ocrx_word' id='word_1_104' title='bbox 1195 1112 1541 1170; x_wconf 86' lang='lat' dir='ltr'><strong>naturamque,</strong></span> <span class='ocrx_word' id='word_1_105' title='bbox 1556 1123 1655 1171; x_wconf 87' lang='lat' dir='ltr'><strong>qua</strong></span> 
     </span>
     <span class='ocr_line' id='line_1_16' title="bbox 212 1174 1655 1222; baseline 0 0"><span class='ocrx_word' id='word_1_106' title='bbox 212 1192 314 1222; x_wconf 93' lang='lat' dir='ltr'><strong>non</strong></span> <span class='ocrx_word' id='word_1_107' title='bbox 349 1180 406 1222; x_wconf 89' lang='lat' dir='ltr'><strong>ut</strong></span> <span class='ocrx_word' id='word_1_108' title='bbox 441 1181 610 1222; x_wconf 89' lang='lat' dir='ltr'><strong>cetera</strong></span> <span class='ocrx_word' id='word_1_109' title='bbox 643 1174 877 1221; x_wconf 89' lang='lat' dir='ltr'><strong>animalia</strong></span> <span class='ocrx_word' id='word_1_110' title='bbox 911 1174 1066 1220; x_wconf 91' lang='lat' dir='ltr'><strong>oculis</strong></span> <span class='ocrx_word' id='word_1_111' title='bbox 1101 1180 1303 1222; x_wconf 90' lang='lat' dir='ltr'><strong>secutus</strong></span> <span class='ocrx_word' id='word_1_112' title='bbox 1339 1181 1418 1222; x_wconf 90' lang='lat' dir='ltr'><strong>est</strong></span> <span class='ocrx_word' id='word_1_113' title='bbox 1452 1174 1607 1222; x_wconf 90' lang='lat' dir='ltr'><strong>tardis</strong></span> <span class='ocrx_word' id='word_1_114' title='bbox 1650 1198 1655 1215; x_wconf 80' lang='lat'><strong>,-</strong></span> 
     </span>
     <span class='ocr_line' id='line_1_17' title="bbox 211 1240 1679 1305; baseline -0.001 -16"><span class='ocrx_word' id='word_1_115' title='bbox 211 1243 393 1290; x_wconf 87' lang='lat' dir='ltr'><strong>divina.</strong></span> <span class='ocrx_word' id='word_1_116' title='bbox 470 1241 668 1289; x_wconf 91' lang='lat' dir='ltr'><strong>Deinde</strong></span> <span class='ocrx_word' id='word_1_117' title='bbox 722 1244 855 1288; x_wconf 91' lang='lat' dir='ltr'><strong>vitae</strong></span> <span class='ocrx_word' id='word_1_118' title='bbox 913 1240 1098 1304; x_wconf 88' lang='lat' dir='ltr'><strong>legem,</strong></span> <span class='ocrx_word' id='word_1_119' title='bbox 1149 1258 1300 1305; x_wconf 88' lang='lat' dir='ltr'><strong>quam</strong></span> <span class='ocrx_word' id='word_1_120' title='bbox 1356 1241 1420 1288; x_wconf 90' lang='lat' dir='ltr'><strong>ad</strong></span> <span class='ocrx_word' id='word_1_121' title='bbox 1478 1245 1627 1289; x_wconf 89' lang='lat' dir='ltr'><strong>unive</strong></span> <span class='ocrx_word' id='word_1_122' title='bbox 1678 1295 1679 1298; x_wconf 7' lang='grc' dir='ltr'><strong>Ἰ</strong></span> 
     </span>
     <span class='ocr_line' id='line_1_18' title="bbox 213 1303 1702 1372; baseline -0.001 -14"><span class='ocrx_word' id='word_1_123' title='bbox 213 1310 426 1369; x_wconf 90' lang='lat' dir='ltr'><strong>derexit,</strong></span> <span class='ocrx_word' id='word_1_124' title='bbox 451 1325 546 1357; x_wconf 89' lang='lat' dir='ltr'><strong>nec</strong></span> <span class='ocrx_word' id='word_1_125' title='bbox 581 1325 726 1356; x_wconf 90' lang='lat' dir='ltr'><strong>nosse</strong></span> <span class='ocrx_word' id='word_1_126' title='bbox 761 1315 962 1355; x_wconf 89' lang='lat' dir='ltr'><strong>tantum</strong></span> <span class='ocrx_word' id='word_1_127' title='bbox 997 1308 1087 1355; x_wconf 93' lang='lat' dir='ltr'><strong>sed</strong></span> <span class='ocrx_word' id='word_1_128' title='bbox 1118 1312 1260 1372; x_wconf 91' lang='lat' dir='ltr'><strong>sequi</strong></span> <span class='ocrx_word' id='word_1_129' title='bbox 1295 1308 1416 1356; x_wconf 91' lang='lat' dir='ltr'><strong>deos</strong></span> <span class='ocrx_word' id='word_1_130' title='bbox 1451 1308 1624 1356; x_wconf 86' lang='lat' dir='ltr'><strong>docuit</strong></span> <span class='ocrx_word' id='word_1_131' title='bbox 1661 1303 1702 1348; x_wconf 56' lang='lat'><strong>„.¹</strong></span> 
     </span>
     <span class='ocr_line' id='line_1_19' title="bbox 211 1376 1702 1439; baseline -0.001 -15"><span class='ocrx_word' id='word_1_132' title='bbox 211 1377 492 1425; x_wconf 87' lang='lat' dir='ltr'><strong>accidentia</strong></span> <span class='ocrx_word' id='word_1_133' title='bbox 511 1393 612 1423; x_wconf 92' lang='lat' dir='ltr'><strong>non</strong></span> <span class='ocrx_word' id='word_1_134' title='bbox 630 1376 777 1423; x_wconf 88' lang='lat' dir='ltr'><strong>aliter</strong></span> <span class='ocrx_word' id='word_1_135' title='bbox 794 1379 1026 1438; x_wconf 86' lang='lat' dir='ltr'><strong>excipere</strong></span> <span class='ocrx_word' id='word_1_136' title='bbox 1044 1391 1194 1439; x_wconf 88' lang='lat' dir='ltr'><strong>quam</strong></span> <span class='ocrx_word' id='word_1_137' title='bbox 1212 1380 1468 1438; x_wconf 86' lang='lat' dir='ltr'><strong>imperata.</strong></span> <span class='ocrx_word' id='word_1_138' title='bbox 1530 1376 1630 1424; x_wconf 90' lang='lat' dir='ltr'><strong>Vet</strong></span> <span class='ocrx_word' id='word_1_139' title='bbox 1696 1378 1702 1439; x_wconf 58' lang='lat' dir='ltr'><strong><em>J</em></strong></span> 
     </span>
     <span class='ocr_line' id='line_1_20' title="bbox 213 1443 1694 1508; baseline -0.001 -16"><span class='ocrx_word' id='word_1_140' title='bbox 213 1461 388 1508; x_wconf 88' lang='lat' dir='ltr'><strong>parere</strong></span> <span class='ocrx_word' id='word_1_141' title='bbox 423 1444 741 1508; x_wconf 90' lang='lat' dir='ltr'><strong>opinionibus</strong></span> <span class='ocrx_word' id='word_1_142' title='bbox 788 1443 923 1491; x_wconf 87' lang='lat' dir='ltr'><strong>falsis</strong></span> <span class='ocrx_word' id='word_1_143' title='bbox 971 1449 1025 1490; x_wconf 86' lang='lat' dir='ltr'><strong>et</strong></span> <span class='ocrx_word' id='word_1_144' title='bbox 1055 1447 1246 1507; x_wconf 86' lang='lat' dir='ltr'><strong>-quanti</strong></span> <span class='ocrx_word' id='word_1_145' title='bbox 1293 1443 1515 1507; x_wconf 91' lang='lat' dir='ltr'><strong>quidque</strong></span> <span class='ocrx_word' id='word_1_146' title='bbox 1557 1459 1694 1491; x_wconf 86' lang='lat' dir='ltr'><strong>esse-</strong></span> 
     </span>
     <span class='ocr_line' id='line_1_21' title="bbox 213 1510 1668 1573; baseline -0.002 -13"><span class='ocrx_word' id='word_1_147' title='bbox 213 1528 329 1560; x_wconf 88' lang='lat' dir='ltr'><strong>vera</strong></span> <span class='ocrx_word' id='word_1_148' title='bbox 396 1514 746 1559; x_wconf 85' lang='lat' dir='ltr'><strong>aestimatione</strong></span> <span class='ocrx_word' id='word_1_149' title='bbox 806 1510 1089 1573; x_wconf 86' lang='lat' dir='ltr'><strong>perpendit.</strong></span> <span class='ocrx_word' id='word_1_150' title='bbox 1188 1510 1459 1558; x_wconf 90' lang='lat' dir='ltr'><strong>Damnavit</strong></span> <span class='ocrx_word' id='word_1_151' title='bbox 1525 1514 1627 1557; x_wconf 86' lang='lat' dir='ltr'><strong>mix</strong></span> <span class='ocrx_word' id='word_1_152' title='bbox 1663 1533 1668 1550; x_wconf 70' lang='lat' dir='ltr'><em>e</em></span> 
     </span>
     <span class='ocr_line' id='line_1_22' title="bbox 212 1578 1702 1642; baseline -0.001 -15"><span class='ocrx_word' id='word_1_153' title='bbox 212 1583 524 1642; x_wconf 86' lang='lat' dir='ltr'><strong>paenitentia</strong></span> <span class='ocrx_word' id='word_1_154' title='bbox 581 1578 864 1641; x_wconf 89' lang='lat' dir='ltr'><strong>voluptates</strong></span> <span class='ocrx_word' id='word_1_155' title='bbox 922 1584 977 1625; x_wconf 91' lang='lat' dir='ltr'><strong>et</strong></span> <span class='ocrx_word' id='word_1_156' title='bbox 1031 1578 1164 1625; x_wconf 86' lang='lat' dir='ltr'><strong>bona</strong></span> <span class='ocrx_word' id='word_1_157' title='bbox 1221 1594 1420 1640; x_wconf 86' lang='lat' dir='ltr'><strong>semper</strong></span> <span class='ocrx_word' id='word_1_158' title='bbox 1464 1578 1652 1640; x_wconf 89' lang='lat' dir='ltr'><strong>placitu</strong></span> <span class='ocrx_word' id='word_1_159' title='bbox 1698 1632 1702 1634; x_wconf 40' lang='grc'>,</span> 
     </span>
     <span class='ocr_line' id='line_1_23' title="bbox 212 1644 1696 1709; baseline 0.001 -16"><span class='ocrx_word' id='word_1_160' title='bbox 212 1646 435 1694; x_wconf 82' lang='lat' dir='ltr'><strong>laudavit</strong></span> <span class='ocrx_word' id='word_1_161' title='bbox 459 1653 513 1695; x_wconf 90' lang='lat' dir='ltr'><strong>et</strong></span> <span class='ocrx_word' id='word_1_162' title='bbox 536 1646 699 1709; x_wconf 90' lang='lat' dir='ltr'><strong>palam</strong></span> <span class='ocrx_word' id='word_1_163' title='bbox 719 1645 842 1692; x_wconf 88' lang='lat' dir='ltr'><strong>fecit</strong></span> <span class='ocrx_word' id='word_1_164' title='bbox 859 1644 1199 1693; x_wconf 88' lang='lat' dir='ltr'><strong>felicissimum</strong></span> <span class='ocrx_word' id='word_1_165' title='bbox 1224 1661 1332 1692; x_wconf 88' lang='lat' dir='ltr'><strong>esse</strong></span> <span class='ocrx_word' id='word_1_166' title='bbox 1358 1648 1438 1692; x_wconf 92' lang='lat' dir='ltr'><strong>cui</strong></span> <span class='ocrx_word' id='word_1_167' title='bbox 1461 1644 1651 1694; x_wconf 81' lang='lat' dir='ltr'><strong>felicita</strong></span> <span class='ocrx_word' id='word_1_168' title='bbox 1693 1680 1696 1683; x_wconf 86' lang='lat'><em>-</em></span> 
     </span>
    </p>
   </div>
   <div class='ocr_carea' id='block_1_3' title="bbox 534 1761 1363 1866">
    <p class='ocr_par' dir='ltr' id='par_1_5' title="bbox 534 1761 1363 1866">
     <span class='ocr_line' id='line_1_24' title="bbox 569 1761 1343 1816; baseline -0.005 -10"><span class='ocrx_word' id='word_1_169' title='bbox 569 1764 584 1790; x_wconf 82' lang='lat'>¹</span> <span class='ocrx_word' id='word_1_170' title='bbox 612 1765 661 1806; x_wconf 82' lang='lat' dir='ltr'><strong>in</strong></span> <span class='ocrx_word' id='word_1_171' title='bbox 683 1763 832 1805; x_wconf 87' lang='lat' dir='ltr'><strong>added</strong></span> <span class='ocrx_word' id='word_1_172' title='bbox 851 1763 912 1816; x_wconf 91' lang='lat' dir='ltr'><strong>by</strong></span> <span class='ocrx_word' id='word_1_173' title='bbox 933 1761 1343 1816; x_wconf 87' lang='lat' dir='ltr'><strong>Schweighaeuser.</strong></span> 
     </span>
     <span class='ocr_line' id='line_1_25' title="bbox 534 1815 1363 1866; baseline -0.001 -6"><span class='ocrx_word' id='word_1_174' title='bbox 534 1818 554 1844; x_wconf 74' lang='lat'>2</span> <span class='ocrx_word' id='word_1_175' title='bbox 580 1819 771 1860; x_wconf 74' lang='lat' dir='ltr'><strong>videmus</strong></span> <span class='ocrx_word' id='word_1_176' title='bbox 790 1818 1033 1866; x_wconf 82' lang='lat' dir='ltr'><strong>Erasmus;</strong></span> <span class='ocrx_word' id='word_1_177' title='bbox 1061 1816 1247 1858; x_wconf 74' lang='lat' dir='ltr'><strong>vidimus</strong></span> <span class='ocrx_word' id='word_1_178' title='bbox 1269 1815 1363 1859; x_wconf 92' lang='lat' dir='ltr'><strong>BA.</strong></span> 
     </span>
    </p>
   </div>
   <div class='ocr_carea' id='block_1_4' title="bbox 211 1887 1702 1909">
    <p class='ocr_par' dir='ltr' id='par_1_6' title="bbox 211 1887 1702 1909">
     <span class='ocr_line' id='line_1_26' title="bbox 211 1887 1702 1909; baseline 0 1009"><span class='ocrx_word' id='word_1_179' title='bbox 211 1887 1702 1909; x_wconf 95' lang='lat' dir='ltr'><strong> </strong></span> 
     </span>
    </p>
   </div>
   <div class='ocr_carea' id='block_1_5' title="bbox 214 1932 1693 2205">
    <p class='ocr_par' dir='ltr' id='par_1_7' title="bbox 214 1932 1693 2150">
     <span class='ocr_line' id='line_1_27' title="bbox 280 1932 1688 1988; baseline -0.004 -10"><span class='ocrx_word' id='word_1_180' title='bbox 280 1946 301 1964; x_wconf 74' lang='lat'><strong>‘¹</strong></span> <span class='ocrx_word' id='word_1_181' title='bbox 328 1937 501 1979; x_wconf 89' lang='lat' dir='ltr'><strong>Seneca</strong></span> <span class='ocrx_word' id='word_1_182' title='bbox 537 1936 631 1988; x_wconf 90' lang='lat' dir='ltr'><strong>(see</strong></span> <span class='ocrx_word' id='word_1_183' title='bbox 665 1938 771 1976; x_wconf 89' lang='lat' dir='ltr'><strong>next</strong></span> <span class='ocrx_word' id='word_1_184' title='bbox 799 1934 1028 1987; x_wconf 84' lang='lat' dir='ltr'><strong>sentence)</strong></span> <span class='ocrx_word' id='word_1_185' title='bbox 1057 1935 1095 1975; x_wconf 87' lang='lat' dir='ltr'><strong>is</strong></span> <span class='ocrx_word' id='word_1_186' title='bbox 1122 1933 1243 1986; x_wconf 87' lang='lat' dir='ltr'><strong>right</strong></span> <span class='ocrx_word' id='word_1_187' title='bbox 1270 1935 1416 1987; x_wconf 88' lang='lat' dir='ltr'><strong>again.</strong></span> <span class='ocrx_word' id='word_1_188' title='bbox 1477 1932 1573 1974; x_wconf 89' lang='lat' dir='ltr'><strong>The</strong></span> <span class='ocrx_word' id='word_1_189' title='bbox 1601 1946 1629 1974; x_wconf 85' lang='lat' dir='ltr'><strong>a</strong></span> <span class='ocrx_word' id='word_1_190' title='bbox 1686 1961 1688 1963; x_wconf 30' lang='grc' dir='ltr'>ψ</span> 
     </span>
     <span class='ocr_line' id='line_1_28' title="bbox 214 1987 1693 2042; baseline -0.004 -9"><span class='ocrx_word' id='word_1_191' title='bbox 214 2005 304 2033; x_wconf 86' lang='lat' dir='ltr'><strong>was</strong></span> <span class='ocrx_word' id='word_1_192' title='bbox 335 1991 499 2032; x_wconf 88' lang='lat' dir='ltr'><strong>known</strong></span> <span class='ocrx_word' id='word_1_193' title='bbox 537 1991 582 2031; x_wconf 93' lang='lat' dir='ltr'><strong>in</strong></span> <span class='ocrx_word' id='word_1_194' title='bbox 620 1989 847 2032; x_wconf 87' lang='lat' dir='ltr'><strong>Chaldaea</strong></span> <span class='ocrx_word' id='word_1_195' title='bbox 882 1988 973 2030; x_wconf 91' lang='lat' dir='ltr'><strong>and</strong></span> <span class='ocrx_word' id='word_1_196' title='bbox 1010 1990 1056 2029; x_wconf 90' lang='lat' dir='ltr'><strong>in</strong></span> <span class='ocrx_word' id='word_1_197' title='bbox 1094 1987 1250 2042; x_wconf 84' lang='lat' dir='ltr'><strong>Egypt</strong></span> <span class='ocrx_word' id='word_1_198' title='bbox 1286 1987 1439 2028; x_wconf 84' lang='lat' dir='ltr'><strong>before</strong></span> <span class='ocrx_word' id='word_1_199' title='bbox 1475 1990 1584 2028; x_wconf 85' lang='lat'>3000</span> <span class='ocrx_word' id='word_1_200' title='bbox 1620 2001 1646 2028; x_wconf 76' lang='lat' dir='ltr'><strong>n</strong></span> <span class='ocrx_word' id='word_1_201' title='bbox 1690 1991 1693 1994; x_wconf 58' lang='lat'><strong>⁴</strong></span> 
     </span>
     <span class='ocr_line' id='line_1_29' title="bbox 214 2041 1625 2095; baseline -0.004 -7"><span class='ocrx_word' id='word_1_202' title='bbox 214 2044 368 2089; x_wconf 89' lang='lat' dir='ltr'><strong>Greek</strong></span> <span class='ocrx_word' id='word_1_203' title='bbox 413 2044 644 2086; x_wconf 84' lang='lat' dir='ltr'><strong>bee-hive</strong></span> <span class='ocrx_word' id='word_1_204' title='bbox 690 2043 856 2090; x_wconf 86' lang='lat' dir='ltr'><strong>tombs,</strong></span> <span class='ocrx_word' id='word_1_205' title='bbox 896 2042 1116 2084; x_wconf 84' lang='lat' dir='ltr'><strong>Etruscan</strong></span> <span class='ocrx_word' id='word_1_206' title='bbox 1163 2045 1410 2095; x_wconf 85' lang='lat' dir='ltr'><strong>gateways‚</strong></span> <span class='ocrx_word' id='word_1_207' title='bbox 1449 2041 1540 2082; x_wconf 86' lang='lat' dir='ltr'><strong>and</strong></span> <span class='ocrx_word' id='word_1_208' title='bbox 1596 2060 1625 2076; x_wconf 85' lang='lat'><strong>·:</strong></span> 
     </span>
     <span class='ocr_line' id='line_1_30' title="bbox 216 2095 1360 2150; baseline -0.004 -9"><span class='ocrx_word' id='word_1_209' title='bbox 216 2100 391 2141; x_wconf 90' lang='lat' dir='ltr'><strong>Roman</strong></span> <span class='ocrx_word' id='word_1_210' title='bbox 412 2100 619 2145; x_wconf 87' lang='lat' dir='ltr'><strong>remains‚</strong></span> <span class='ocrx_word' id='word_1_211' title='bbox 640 2097 794 2150; x_wconf 88' lang='lat' dir='ltr'><strong>testify</strong></span> <span class='ocrx_word' id='word_1_212' title='bbox 816 2100 864 2138; x_wconf 88' lang='lat' dir='ltr'><strong>to</strong></span> <span class='ocrx_word' id='word_1_213' title='bbox 883 2098 942 2138; x_wconf 87' lang='lat' dir='ltr'><strong>its</strong></span> <span class='ocrx_word' id='word_1_214' title='bbox 957 2095 1248 2138; x_wconf 84' lang='lat' dir='ltr'><strong>immemorial</strong></span> <span class='ocrx_word' id='word_1_215' title='bbox 1267 2108 1360 2137; x_wconf 87' lang='lat' dir='ltr'><strong>use.</strong></span> 
     </span>
    </p>

    <p class='ocr_par' dir='ltr' id='par_1_8' title="bbox 281 2148 1473 2205">
     <span class='ocr_line' id='line_1_31' title="bbox 281 2148 1473 2205; baseline -0.003 -11"><span class='ocrx_word' id='word_1_216' title='bbox 281 2154 299 2180; x_wconf 61' lang='grc' dir='ltr'><strong>ὃ</strong></span> <span class='ocrx_word' id='word_1_217' title='bbox 325 2153 422 2194; x_wconf 90' lang='lat' dir='ltr'><strong>The</strong></span> <span class='ocrx_word' id='word_1_218' title='bbox 449 2154 651 2194; x_wconf 85' lang='lat' dir='ltr'><strong>ancients</strong></span> <span class='ocrx_word' id='word_1_219' title='bbox 684 2150 855 2205; x_wconf 89' lang='lat' dir='ltr'><strong>judged</strong></span> <span class='ocrx_word' id='word_1_220' title='bbox 893 2152 1094 2204; x_wconf 86' lang='lat' dir='ltr'><strong>precious</strong></span> <span class='ocrx_word' id='word_1_221' title='bbox 1124 2153 1276 2191; x_wconf 90' lang='lat' dir='ltr'><strong>stones</strong></span> <span class='ocrx_word' id='word_1_222' title='bbox 1305 2148 1473 2203; x_wconf 89' lang='lat' dir='ltr'><strong>merely</strong></span> 
     </span>
    </p>
   </div>
   <div class='ocr_carea' id='block_1_6' title="bbox 214 2151 1702 2583">
    <p class='ocr_par' dir='ltr' id='par_1_9' title="bbox 214 2151 1702 2583">
     <span class='ocr_line' id='line_1_32' title="bbox 215 2151 1693 2264; baseline -0.004 -15"><span class='ocrx_word' id='word_1_223' title='bbox 215 2206 392 2255; x_wconf 72' lang='lat' dir='ltr'><strong>colom-3</strong></span> <span class='ocrx_word' id='word_1_224' title='bbox 421 2206 537 2248; x_wconf 90' lang='lat' dir='ltr'><strong>their</strong></span> <span class='ocrx_word' id='word_1_225' title='bbox 563 2207 820 2259; x_wconf 70' lang='lat' dir='ltr'><strong>maraydus</strong></span> <span class='ocrx_word' id='word_1_226' title='bbox 846 2204 1054 2247; x_wconf 90' lang='lat' dir='ltr'><strong>included</strong></span> <span class='ocrx_word' id='word_1_227' title='bbox 1081 2204 1175 2245; x_wconf 87' lang='lat' dir='ltr'><strong>also</strong></span> <span class='ocrx_word' id='word_1_228' title='bbox 1204 2203 1457 2250; x_wconf 79' lang='lat' dir='ltr'><strong>malachite,</strong></span> <span class='ocrx_word' id='word_1_229' title='bbox 1473 2151 1653 2256; x_wconf 46' lang='lat' dir='ltr'><strong>pule}</strong></span> <span class='ocrx_word' id='word_1_230' title='bbox 1682 2225 1693 2264; x_wconf 56' lang='lat'><em>3</em></span> 
     </span>
     <span class='ocr_line' id='line_1_33' title="bbox 214 2257 1646 2314; baseline -0.003 -11"><span class='ocrx_word' id='word_1_231' title='bbox 214 2261 384 2304; x_wconf 90' lang='lat' dir='ltr'><strong>several</strong></span> <span class='ocrx_word' id='word_1_232' title='bbox 404 2261 537 2302; x_wconf 90' lang='lat' dir='ltr'><strong>kinds</strong></span> <span class='ocrx_word' id='word_1_233' title='bbox 557 2260 609 2301; x_wconf 86' lang='lat' dir='ltr'><strong>of</strong></span> <span class='ocrx_word' id='word_1_234' title='bbox 630 2262 797 2314; x_wconf 84' lang='lat' dir='ltr'><strong>quartz.</strong></span> <span class='ocrx_word' id='word_1_235' title='bbox 858 2258 1088 2313; x_wconf 88' lang='lat' dir='ltr'><strong>Exposure</strong></span> <span class='ocrx_word' id='word_1_236' title='bbox 1106 2261 1154 2299; x_wconf 88' lang='lat' dir='ltr'><strong>to</strong></span> <span class='ocrx_word' id='word_1_237' title='bbox 1181 2257 1286 2298; x_wconf 86' lang='lat' dir='ltr'><strong>beat</strong></span> <span class='ocrx_word' id='word_1_238' title='bbox 1304 2257 1439 2299; x_wconf 88' lang='lat' dir='ltr'><strong>alters</strong></span> <span class='ocrx_word' id='word_1_239' title='bbox 1464 2257 1542 2298; x_wconf 88' lang='lat' dir='ltr'><strong>the</strong></span> <span class='ocrx_word' id='word_1_240' title='bbox 1561 2257 1646 2298; x_wconf 88' lang='lat' dir='ltr'><strong>col·</strong></span> 
     </span>
     <span class='ocr_line' id='line_1_34' title="bbox 215 2309 1684 2362; baseline -0.005 -5"><span class='ocrx_word' id='word_1_241' title='bbox 215 2315 267 2357; x_wconf 88' lang='lat' dir='ltr'><strong>of</strong></span> <span class='ocrx_word' id='word_1_242' title='bbox 309 2328 434 2357; x_wconf 91' lang='lat' dir='ltr'><strong>some</strong></span> <span class='ocrx_word' id='word_1_243' title='bbox 471 2318 654 2362; x_wconf 81' lang='lat' dir='ltr'><strong>stones;</strong></span> <span class='ocrx_word' id='word_1_244' title='bbox 700 2313 790 2354; x_wconf 87' lang='lat' dir='ltr'><strong>and</strong></span> <span class='ocrx_word' id='word_1_245' title='bbox 828 2312 906 2355; x_wconf 86' lang='lat' dir='ltr'><strong>the</strong></span> <span class='ocrx_word' id='word_1_246' title='bbox 951 2312 1207 2354; x_wconf 87' lang='lat' dir='ltr'><strong>alchemists</strong></span> <span class='ocrx_word' id='word_1_247' title='bbox 1245 2309 1450 2353; x_wconf 84' lang='lat' dir='ltr'><strong>believed</strong></span> <span class='ocrx_word' id='word_1_248' title='bbox 1491 2311 1593 2352; x_wconf 87' lang='lat' dir='ltr'><strong>that</strong></span> <span class='ocrx_word' id='word_1_249' title='bbox 1642 2330 1652 2344; x_wconf 62' lang='grc' dir='ltr'>υ</span> <span class='ocrx_word' id='word_1_250' title='bbox 1682 2348 1684 2350; x_wconf 88' lang='grc'>.</span> 
     </span>
     <span class='ocr_line' id='line_1_35' title="bbox 218 2351 1695 2423; baseline -0.004 -12"><span class='ocrx_word' id='word_1_251' title='bbox 218 2368 480 2423; x_wconf 86' lang='lat' dir='ltr'><strong>“angelical</strong></span> <span class='ocrx_word' id='word_1_252' title='bbox 508 2367 677 2410; x_wconf 81' lang='lat' dir='ltr'><strong>stone&#39;&#39;</strong></span> <span class='ocrx_word' id='word_1_253' title='bbox 704 2366 910 2420; x_wconf 90' lang='lat' dir='ltr'><strong>changed</strong></span> <span class='ocrx_word' id='word_1_254' title='bbox 937 2379 1143 2408; x_wconf 91' lang='lat' dir='ltr'><strong>common</strong></span> <span class='ocrx_word' id='word_1_255' title='bbox 1178 2365 1301 2407; x_wconf 87' lang='lat' dir='ltr'><strong>flints</strong></span> <span class='ocrx_word' id='word_1_256' title='bbox 1335 2367 1429 2406; x_wconf 85' lang='lat' dir='ltr'><strong>into</strong></span> <span class='ocrx_word' id='word_1_257' title='bbox 1458 2364 1652 2406; x_wconf 87' lang='lat' dir='ltr'><strong>diamon-</strong></span> <span class='ocrx_word' id='word_1_258' title='bbox 1680 2351 1695 2398; x_wconf 48' lang='grc' dir='ltr'><strong><em>ἦ</em></strong></span> 
     </span>
     <span class='ocr_line' id='line_1_36' title="bbox 216 2419 1702 2484; baseline -0.005 -19"><span class='ocrx_word' id='word_1_259' title='bbox 216 2424 381 2470; x_wconf 87' lang='lat' dir='ltr'><strong>rubies‚</strong></span> <span class='ocrx_word' id='word_1_260' title='bbox 403 2422 638 2470; x_wconf 88' lang='lat' dir='ltr'><strong>emeralds,</strong></span> <span class='ocrx_word' id='word_1_261' title='bbox 660 2425 745 2464; x_wconf 88' lang='lat' dir='ltr'><strong>etc.</strong></span> <span class='ocrx_word' id='word_1_262' title='bbox 807 2420 892 2463; x_wconf 91' lang='lat' dir='ltr'><strong>See</strong></span> <span class='ocrx_word' id='word_1_263' title='bbox 911 2420 968 2464; x_wconf 93' lang='lat' dir='ltr'><strong>G.</strong></span> <span class='ocrx_word' id='word_1_264' title='bbox 995 2420 1043 2462; x_wconf 89' lang='lat' dir='ltr'><strong>F.</strong></span> <span class='ocrx_word' id='word_1_265' title='bbox 1065 2419 1208 2466; x_wconf 83' lang='lat' dir='ltr'><strong>Kunz,</strong></span> <span class='ocrx_word' id='word_1_266' title='bbox 1228 2420 1311 2460; x_wconf 77' lang='lat' dir='ltr'><strong>The</strong></span> <span class='ocrx_word' id='word_1_267' title='bbox 1330 2419 1478 2474; x_wconf 76' lang='lat' dir='ltr'><strong>Maqic</strong></span> <span class='ocrx_word' id='word_1_268' title='bbox 1497 2419 1552 2472; x_wconf 90' lang='lat' dir='ltr'><strong>of</strong></span> <span class='ocrx_word' id='word_1_269' title='bbox 1562 2419 1596 2459; x_wconf 94' lang='lat' dir='ltr'><em>J</em></span> <span class='ocrx_word' id='word_1_270' title='bbox 1599 2438 1610 2456; x_wconf 64' lang='grc' dir='ltr'><em>ι</em></span> <span class='ocrx_word' id='word_1_271' title='bbox 1635 2443 1654 2478; x_wconf 52' lang='lat'><strong>&#39;3</strong></span> <span class='ocrx_word' id='word_1_272' title='bbox 1679 2439 1702 2484; x_wconf 73' lang='lat'><strong>⁴]</strong></span> 
     </span>
     <span class='ocr_line' id='line_1_37' title="bbox 216 2474 1689 2530; baseline -0.004 -11"><span class='ocrx_word' id='word_1_273' title='bbox 216 2478 308 2519; x_wconf 73' lang='lat' dir='ltr'><strong>and</strong></span> <span class='ocrx_word' id='word_1_274' title='bbox 339 2477 535 2525; x_wconf 67' lang='lat' dir='ltr'><strong>Chao-ms,</strong></span> <span class='ocrx_word' id='word_1_275' title='bbox 566 2490 608 2530; x_wconf 90' lang='lat' dir='ltr'><strong>p.</strong></span> <span class='ocrx_word' id='word_1_276' title='bbox 645 2479 708 2517; x_wconf 88' lang='lat'><strong>16.</strong></span> <span class='ocrx_word' id='word_1_277' title='bbox 770 2475 814 2516; x_wconf 89' lang='lat' dir='ltr'><strong>It</strong></span> <span class='ocrx_word' id='word_1_278' title='bbox 849 2487 941 2516; x_wconf 86' lang='lat' dir='ltr'><strong>was</strong></span> <span class='ocrx_word' id='word_1_279' title='bbox 978 2474 1073 2516; x_wconf 88' lang='lat' dir='ltr'><strong>also</strong></span> <span class='ocrx_word' id='word_1_280' title='bbox 1110 2487 1168 2515; x_wconf 84' lang='lat' dir='ltr'><strong>an</strong></span> <span class='ocrx_word' id='word_1_281' title='bbox 1206 2474 1386 2515; x_wconf 87' lang='lat' dir='ltr'><strong>ancient</strong></span> <span class='ocrx_word' id='word_1_282' title='bbox 1423 2474 1613 2527; x_wconf 88' lang='lat' dir='ltr'><strong>supersti</strong></span> <span class='ocrx_word' id='word_1_283' title='bbox 1650 2519 1653 2522; x_wconf 49' lang='grc'><strong>,</strong></span> <span class='ocrx_word' id='word_1_284' title='bbox 1687 2493 1689 2495; x_wconf 31' lang='lat' dir='ltr'><strong>v</strong></span> 
     </span>
     <span class='ocr_line' id='line_1_38' title="bbox 216 2527 1249 2583; baseline -0.002 -10"><span class='ocrx_word' id='word_1_285' title='bbox 216 2531 317 2573; x_wconf 86' lang='lat' dir='ltr'><strong>that</strong></span> <span class='ocrx_word' id='word_1_286' title='bbox 335 2530 553 2572; x_wconf 85' lang='lat' dir='ltr'><strong>emeralds</strong></span> <span class='ocrx_word' id='word_1_287' title='bbox 572 2542 688 2571; x_wconf 86' lang='lat' dir='ltr'><strong>were</strong></span> <span class='ocrx_word' id='word_1_288' title='bbox 707 2528 935 2583; x_wconf 89' lang='lat' dir='ltr'><strong>produced</strong></span> <span class='ocrx_word' id='word_1_289' title='bbox 953 2528 1066 2570; x_wconf 85' lang='lat' dir='ltr'><strong>from</strong></span> <span class='ocrx_word' id='word_1_290' title='bbox 1083 2527 1249 2582; x_wconf 84' lang='lat' dir='ltr'><strong>jasper.</strong></span> 
     </span>
    </p>
   </div>
   <div class='ocr_carea' id='block_1_7' title="bbox 219 2601 315 2644">
    <p class='ocr_par' dir='ltr' id='par_1_10' title="bbox 219 2601 315 2644">
     <span class='ocr_line' id='line_1_39' title="bbox 219 2601 315 2644; baseline 0.01 -1"><span class='ocrx_word' id='word_1_291' title='bbox 219 2601 315 2644; x_wconf 75' lang='lat'><strong>420</strong></span> 
     </span>
    </p>
   </div>
  </div>
 </body>
</html>
