1702 2918
471 204 618 252 THE
653 206 972 256 EPISTLES
1009 207 1100 255 OF
1134 206 1401 255 SENECA

118 381 125 383 ‚
191 314 371 375 inquit,
408 314 676 363 “delectat
698 316 919 363 alienum
952 320 1214 380 negotium
1245 315 1475 380 agere?”
1567 316 1676 361 Non

193 398 436 454 persuasit
480 395 582 452 illi;
640 414 816 445 manus
862 399 955 445 sibi
1000 398 1174 445 attulit
1223 414 1318 446 nec
1365 400 1472 444 sine
1519 412 1676 443 causa.

195 474 320 521 Nam
356 482 470 539 post
505 477 641 525 diem
674 482 883 526 tertium
917 485 1005 526 aut
1043 485 1275 543 quartum
1306 480 1494 526 inimici
1533 480 1680 524 mori-

192 561 332 603 turus
356 558 558 605 arbitrio
581 562 622 605 si
645 563 784 618 vivit,
807 560 1027 608 alienum
1050 564 1311 623 negotium
1334 563 1453 623 agit.

114 633 166 681 ll
275 637 392 683 Non
416 642 571 700 possis
594 643 765 703 itaque
789 640 854 688 de
878 657 933 688 re
956 645 1010 688 in
1032 645 1318 688 universum
1341 642 1680 704 pronuntiare,

192 733 306 764 cum
329 725 542 766 mortem
567 723 639 768 vis
664 726 872 768 externa
902 721 1186 781 denuntiat,
1210 721 1499 784 occupanda
1521 723 1587 768 sit
1616 737 1681 767 an

193 800 517 862 expectanda.
599 801 762 848 Multa
803 806 939 850 enim
978 809 1112 861 sunt,
1153 819 1282 866 quae
1323 806 1377 849 in
1417 808 1681 865 utramque

193 887 387 928 nartem
425 881 623 930 trahere
664 890 884 946 possunt.
971 883 1025 931 Si
1064 883 1222 931 altera
1261 899 1391 930 mors
1426 900 1540 930 cum
1580 888 1680 929 tor-

194 968 382 1020 mento,
404 962 563 1010 altera
593 963 804 1027 simplex
837 971 891 1012 et
925 963 1081 1012 facilis
1116 971 1210 1023 est,
1234 963 1409 1028 quidni
1444 963 1561 1010 huic
1587 966 1680 1009 ini-

191 1042 370 1089 cienda
410 1046 476 1090 sit
512 1045 721 1091 manus?
808 1044 1246 1103 Quemadmodum
1282 1061 1461 1093 navem
1498 1044 1680 1107 eligam

190 1127 511 1187 navigaturus
542 1131 596 1172 et
626 1124 830 1172 domum
867 1125 1195 1184 habitaturus,
1228 1129 1298 1174 sic
1334 1132 1547 1173 mortem
1578 1129 1680 1173 exi-

110 1205 170 1252 12
191 1210 331 1252 turus
367 1222 396 1253 e
430 1209 544 1253 vita.
619 1206 882 1254 Praeterea
916 1207 1338 1271 quemadmodum
1371 1224 1474 1254 non
1505 1210 1679 1271 utique

192 1287 366 1334 melior
411 1293 491 1335 est
535 1287 730 1351 longior
767 1291 884 1347 vita,
922 1291 992 1336 sic
1039 1292 1177 1352 peior
1214 1294 1292 1336 est
1338 1292 1513 1352 utique
1548 1305 1680 1335 mors

190 1369 397 1431 longior.
472 1367 533 1415 In
567 1368 706 1416 nulla
739 1385 793 1417 re
827 1373 986 1434 magis
1021 1387 1171 1434 quam
1205 1373 1259 1417 in
1291 1376 1454 1417 morte
1489 1385 1680 1417 morem

188 1453 355 1496 animo
381 1466 557 1511 gerere
591 1449 847 1498 debemus.
921 1451 1099 1510 Exeat,
1123 1468 1222 1516 qua
1243 1455 1490 1514 impetum
1514 1453 1679 1513 cepit;

190 1534 292 1578 sive
316 1530 502 1579 sermm
526 1535 724 1595 appetit
754 1535 857 1580 sive
884 1532 1120 1596 laqueum
1143 1536 1246 1580 sive
1269 1532 1487 1596 aliquam
1518 1535 1678 1595 potio-

189 1629 308 1660 nem
340 1629 490 1660 venas
521 1619 869 1676 occupantem,
892 1621 1071 1677 pergat
1106 1621 1160 1662 et
1194 1614 1392 1661 vincula
1425 1617 1677 1661 servitutis

188 1695 464 1757 abrumpat.
537 1694 705 1742 Vitam
737 1701 791 1742 et
825 1695 932 1743 aliis
963 1695 1236 1759 adprobare
1268 1699 1478 1760 quisque
1506 1695 1677 1753 debet,

109 1771 167 1818 13
190 1782 404 1823 mortem
456 1776 562 1824 sibi.
659 1776 868 1840 Optima
917 1783 1012 1835 est,
1059 1793 1187 1840 quae
1234 1777 1414 1840 placet.
1509 1775 1676 1823 Stulte

190 1858 315 1905 haec
355 1860 670 1920 cogitantur:
718 1857 941 1922 “aliquis
981 1858 1119 1906 dicet
1153 1875 1236 1906 me
1270 1875 1444 1922 parum
1479 1857 1678 1905 fortiter

191 1939 384 1997 fecisse,
419 1938 595 2002 aliquis
636 1942 783 1986 nimis
823 1945 1032 1998 temere,
1068 1940 1245 2004 aliquis
1282 1939 1434 1987 fuisse
1474 1939 1675 2003 aliquod

190 2037 350 2084 genus
395 2024 569 2067 mortis
614 2021 928 2068 animosiuS.''
1021 2021 1105 2068 Vis
1153 2027 1210 2068 tu
1258 2025 1478 2085 cogitare
1525 2021 1576 2068 id
1622 2024 1675 2067 in

189 2102 417 2149 manibus
442 2118 550 2149 esse
582 2102 860 2161 consilium,
884 2102 948 2150 ad
972 2102 1108 2166 quod
1132 2102 1264 2150 fama
1291 2119 1394 2150 non
1422 2103 1672 2166 pertinet!

192 2183 306 2231 Hoc
342 2200 498 2230 unum
533 2187 750 2242 intuere,
779 2191 837 2232 ut
871 2190 925 2231 te
962 2183 1194 2231 fortunae
1230 2200 1380 2247 quam
1415 2183 1674 2231 celerrime

254 2288 275 2307 ‘²
302 2279 447 2321 When
467 2280 546 2321 the
562 2280 776 2321 “natural
790 2280 1066 2334 advantages
1076 2280 1100 2298 ’⁹
1115 2281 1183 2334 (τὰ
1199 2283 1301 2321 κατὰ
1317 2280 1455 2333 φύσιν)
1469 2280 1521 2321 of
1536 2280 1674 2334 living

188 2348 264 2375 are
300 2334 583 2387 outweighed
613 2334 675 2388 by
703 2335 783 2376 the
819 2334 1168 2388 corresponding
1203 2334 1563 2387 fflsadmntages,
1594 2334 1674 2376 the

188 2388 461 2430 honourable
490 2402 594 2430 man
613 2402 734 2442 may,
755 2388 995 2443 according
1018 2392 1066 2430 to
1088 2388 1167 2430 the
1190 2388 1371 2442 general
1395 2387 1518 2431 Stoic
1543 2390 1670 2438 vieW‚

188 2442 296 2484 take
329 2442 398 2484 his
431 2442 680 2496 departure.
741 2442 947 2485 Socrates
979 2442 1069 2484 and
1098 2442 1211 2484 Cato
1243 2455 1358 2483 were
1392 2442 1512 2496 right
1543 2443 1587 2484 in
1621 2455 1672 2484 so

189 2497 341 2550 doing,
357 2496 596 2550 according
613 2500 661 2538 to
676 2496 876 2545 Seneca3
903 2497 986 2539 but
1003 2497 1060 2538 he
1079 2496 1322 2538 condemns
1341 2496 1445 2550 (Ep.
1465 2498 1582 2539 xxiv,
1602 2496 1672 2551 25)
1699 2521 1701 2523 ·

187 2551 318 2646 thssse
339 2553 713 2646 cqqtergiporaries
732 2551 833 2593 who
852 2550 942 2592 had
960 2563 1164 2593 recourse
1182 2553 1231 2592 to
1250 2550 1418 2592 suicide
1437 2563 1486 2592 as
1505 2564 1534 2592 a
1551 2563 1672 2592 mere
1698 2569 1699 2583 ι

188 2618 229 2646 w
262 2619 323 2646 im
341 2618 369 2646 o
427 2617 477 2647 as
510 2617 598 2647 ion.

189 2666 253 2718 62
