1702 2918
1689 89 1694 119 l

456 164 601 211 THE
637 162 959 211 EPISTLES
997 162 1087 210 OF
1123 161 1390 209 SENECA
1690 123 1693 157 ³

87 308 90 310 Δ
177 278 254 322 sui
283 277 524 338 temporis
556 279 611 320 et
644 272 994 335 inperturbata
1024 270 1237 334 publicis
1268 269 1702 332 occupationibus«

177 358 333 406 quies.

449 426 490 470 Ο
511 425 748 473 Meliboee,
771 425 882 467 deus
898 424 1027 467 nobis
1046 423 1158 466 haec
1177 425 1270 465 otia
1287 423 1397 466 fecit
1411 439 1424 465 ε

450 481 659 535 Namque
677 482 763 522 erit
781 480 853 521 ille
872 479 981 521 mihi
1000 491 1176 532 semper
1195 478 1319 519 deus.

96 591 153 639 11
181 587 234 636 Si
286 588 373 635 illa
418 604 618 651 quoque
670 591 774 635 otia
819 587 1037 635 multum
1088 590 1280 634 auctori
1332 601 1420 632 suo
1471 584 1702 642 debent,.

180 672 392 719 quorum
414 671 596 702 munus
619 654 715 702 hoc
738 658 1010 702 maximum
1035 660 1141 702 est:

363 773 443 815 Ille
462 786 586 815 meas
606 786 753 815 errare
771 773 926 822 boves,
947 775 1000 814 ut
1017 773 1177 819 cernis,
1199 775 1247 813 et
1264 773 1412 825 ipsum

362 827 539 870 Ludere
559 841 674 882 quae
694 827 854 869 vellem
873 827 1046 869 calamo
1065 827 1268 881 permisit
1286 825 1453 879 agresti
1469 839 1483 873 ς

1693 885 1696 908 Ι

181 939 357 1001 quanti
381 940 702 984 aestimamus
725 936 822 984 hoc
844 939 1021 995 otium,
1038 935 1175 1000 quod
1197 939 1332 982 inter
1355 934 1476 982 deos
1500 935 1702 994 agitur,÷

99 1014 157 1060 12
181 1004 316 1068 quod
351 1004 473 1051 deos
508 1003 665 1051 facit?
735 1003 815 1051 Ita
847 1004 976 1062 dico,
1009 1002 1188 1061 Lucili,
1224 1009 1278 1050 et
1310 1009 1366 1050 te
1400 1004 1455 1048 in
1489 999 1702 1047 caelum!

182 1071 555 1134 compendiario
580 1088 714 1119 voco.
1700 1074 1702 1115 ἱ

267 1138 473 1186 Solebat
498 1138 699 1186 Sextius
718 1138 887 1186 dicere
908 1138 1078 1186 Iovem
1103 1138 1215 1201 plus
1238 1153 1341 1184 non
1365 1151 1509 1200 posse
1534 1139 1702 1198 quaml

181 1207 370 1254 bonum
404 1210 574 1253 virum.
649 1206 797 1253 Plura
830 1205 1061 1269 Iuppiter
1091 1205 1262 1262 habet,
1294 1220 1423 1268 quae
1460 1206 1702 1266 praestet}

181 1274 484 1332 hominibus,
510 1273 599 1321 sed
634 1277 768 1321 inter
796 1273 921 1321 duos
953 1274 1108 1320 bonos
1132 1289 1235 1319 non
1266 1278 1345 1319 est
1375 1270 1567 1328 melior,
1598 1270 1702 1334 quii

181 1341 496 1404 locupletior,
528 1357 631 1387 non
662 1344 822 1405 magis
854 1357 1004 1404 quam
1039 1344 1174 1388 inter
1205 1339 1348 1397 duos,
1380 1338 1560 1402 quibus
1596 1344 1702 1403 paq}

184 1412 395 1456 scientia
418 1409 629 1472 regendi
662 1409 1057 1471 gubernaculum
1083 1414 1178 1466 est,
1201 1407 1461 1454 meliorem
1485 1405 1702 1463 dixerisy

102 1483 162 1529 13
185 1480 267 1524 cui
295 1479 453 1523 maius
486 1479 856 1539 speciosiusque
881 1479 1135 1538 navigium
1169 1480 1260 1522 est.
1334 1473 1564 1536 Iuppiter
1585 1485 1689 1535 quo

185 1543 445 1591 antecedit
463 1547 623 1590 virum
643 1544 866 1591 bonum?
934 1542 1139 1590 Diutius
1164 1543 1324 1589 bonus
1343 1547 1450 1596 est3
1487 1543 1702 1616 sapiens(

184 1611 342 1658 nihilo
367 1627 420 1659 se
444 1614 649 1658 minoris
681 1614 952 1668 existimat,
975 1610 1108 1674 quod
1142 1613 1354 1656 virtutes
1386 1612 1492 1656 eius
1524 1604 1702 1670 spatidv

187 1679 411 1726 breviore
469 1678 753 1725 cluduntur.
861 1677 1302 1737 Quemadmodum
1363 1691 1426 1723 ex
1489 1675 1702 1733 duobus:⁴¹

186 1746 496 1809 sapientibus
531 1749 616 1809 qui
652 1749 817 1794 senior
850 1746 1084 1804 decessit,
1119 1761 1222 1791 non
1263 1749 1342 1791 est
1382 1743 1575 1791 beatior
1609 1749 1702 1802 eo,}

186 1817 325 1861 cuius
357 1817 489 1860 intra
525 1817 782 1876 pauciores
813 1830 971 1860 annos
1003 1816 1273 1861 terminata
1303 1814 1459 1858 virtus
1493 1816 1587 1867 est,
1616 1811 1702 1878 sio}

186 1881 311 1928 deus
343 1897 446 1927 non
476 1884 633 1927 vincit
667 1884 948 1943 sapientem
983 1879 1245 1938 felicitate,
1275 1881 1428 1926 etiam
1459 1881 1498 1925 si
1532 1878 1693 1929 vincit¹

104 1957 165 2004 14
184 1954 366 1996 aetate.
431 1948 545 1995 Non
570 1954 648 1995 est
666 1951 821 1995 virtus
845 1951 1017 2006 maior,
1035 1963 1164 2011 quae
1187 1947 1394 2009 longior.
1459 1945 1693 2008 Iuppitet·

186 2019 353 2063 omnia
386 2015 556 2074 habet,
589 2015 679 2063 sed
710 2032 894 2079 nempe
928 2015 1037 2062 aliis
1068 2014 1279 2062 tradidit
1313 2012 1575 2069 habenda3
1621 2007 1689 2062 ad

254 2141 276 2160 α
303 2133 475 2187 Vergil,
512 2132 712 2187 Ecloyue,
744 2134 772 2175 i.
810 2136 835 2174 6
869 2132 899 2175 f.
970 2131 1127 2186 Vergil
1160 2144 1278 2173 owes
1311 2145 1340 2173 a
1377 2130 1487 2172 debt
1522 2133 1571 2172 to
1607 2123 1692 2186 the,

187 2187 419 2241 Emperor,
453 2187 545 2228 and
583 2186 765 2282 regards
803 2186 895 2228 him
934 2199 984 2229 as
1022 2200 1051 2227 a
1090 2185 1263 2240 “god”
1295 2185 1487 2227 because
1523 2184 1575 2226 of
1608 2183 1694 2235 the,

187 2241 401 2283 bestowal
430 2241 482 2282 of
510 2241 636 2282 earth
654 2255 685 2295 y
714 2241 986 2295 happiness;
1031 2240 1134 2282 how
1161 2239 1295 2281 much
1328 2243 1505 2292 greater
1535 2240 1573 2280 is
1605 2238 1694 2279 tha·¹

187 2295 298 2337 debt
322 2295 374 2337 of
397 2295 476 2337 the
502 2295 803 2349 philosopher,
825 2295 925 2337 who
954 2295 1037 2336 has
1064 2294 1142 2336 the
1167 2295 1459 2348 opportunity
1477 2296 1525 2334 to
1548 2292 1650 2334 stud

189 2349 408 2403 heavenly
428 2350 583 2403 things
600 2352 610 2390 Ξ
1668 2371 1675 2378 e

254 2406 271 2430 ὗ
298 2403 393 2445 Ver
426 2403 471 2451 il,
494 2404 697 2458 Ecloyue,
718 2405 746 2446 i.
770 2407 795 2444 9
815 2403 847 2445 f.

253 2466 270 2484 ⁶
298 2457 350 2498 In
383 2461 404 2499 t
437 2471 463 2499 e
490 2457 715 2500 Christian
744 2458 945 2511 religion,
975 2456 1080 2499 God
1112 2457 1150 2498 is
1181 2454 1474 2509 everything3
1518 2459 1671 2495 amon'

186 2512 266 2554 the
298 2511 460 2560 Stoics‚
491 2512 570 2553 the
602 2513 709 2553 wise
740 2525 846 2553 man
878 2513 917 2553 is
950 2510 1081 2565 equal
1112 2514 1161 2552 to
1192 2510 1271 2551 the
1306 2510 1434 2563 gods.
1497 2508 1587 2563 Os„
1616 2508 1639 2549 f
1670 2512 1674 2514 ’

187 2566 405 2620 example,
427 2565 516 2620 Ep.
539 2566 611 2607 xli.
637 2569 676 2608 4.
1668 2589 1670 2594 =

191 2638 287 2681 110
