1702 2918
469 141 615 188 THE
648 140 971 189 EPISTLES
1009 142 1098 189 OF
1133 142 1401 190 SENECA

108 274 118 277 ·
189 253 230 295 si
253 247 475 295 medium
500 251 716 311 spatium
739 249 1048 296 transiluerit
1080 256 1134 297 et
1158 266 1211 297 se
1242 253 1296 296 in
1319 249 1457 296 illam
1481 251 1679 298 saeculo

189 321 302 377 post
337 315 555 362 futuram
585 315 974 363 sollicitudinem
1006 319 1282 372 inmiserit3
1319 317 1498 364 eodem
1530 318 1679 366 modo

188 382 259 440 fit,
301 388 360 430 ut
395 386 585 429 animos
626 382 844 430 libenter
889 400 1065 447 aegros
1111 390 1166 431 et
1206 390 1469 446 captantes
1510 401 1679 433 causas

188 449 372 496 doloris
396 455 567 496 vetera
590 457 744 514 atque
768 451 1035 498 obliterata
1068 454 1384 498 contristent.
1459 452 1526 499 Et
1549 469 1679 516 quae

187 519 556 579 praeterierunt
598 524 652 564 et
692 534 821 581 quae
858 517 1025 565 futura
1060 525 1193 576 sunt,
1230 519 1443 575 absunt3
1500 526 1680 567 neutra

186 584 467 630 sentimus.1
540 584 655 631 Non
688 592 768 632 est
797 592 970 633 autem
1002 589 1098 632 nisi
1127 602 1191 632 ex
1215 602 1292 644 eo,
1316 585 1452 649 quod
1477 591 1679 646 sentias,

187 650 341 699 dolor.
413 651 562 698 VALE.

834 884 1036 934 LXXV.

518 1012 713 1061 SENECA
751 1013 952 1061 chuJo
988 1030 1073 1061 SVO
1109 1030 1326 1062 SALVTEM

135 1139 159 1187 l
271 1142 440 1189 Minus
467 1143 561 1189 tibi
584 1149 838 1190 accuratas
861 1159 891 1189 a
912 1158 995 1189 me
1021 1142 1260 1205 epistulas
1278 1144 1413 1189 mitti
1438 1145 1673 1206 quereris

186 1207 310 1267 Quis
352 1213 486 1256 enim
527 1217 758 1257 accurate
804 1209 1040 1273 loquitur,
1083 1213 1178 1256 nisi
1223 1213 1309 1273 qui
1349 1209 1460 1256 vult
1500 1209 1676 1273 putide

185 1276 357 1340 loqui?
429 1276 602 1335 Qualis
635 1293 796 1324 sermo
832 1293 972 1324 meus
1005 1284 1155 1335 esset,
1179 1280 1219 1324 si
1257 1293 1355 1324 una
1389 1276 1676 1324 sederemus

183 1350 272 1390 aut
317 1344 700 1402 ambularemus,
742 1344 1046 1391 inlaboratus
1090 1351 1143 1391 et
1183 1343 1357 1402 facilis,
1399 1344 1526 1391 tales
1568 1360 1675 1391 esse

185 1411 423 1473 epistulas
447 1427 582 1458 meas
607 1412 734 1469 volo,
753 1428 881 1475 quae
899 1410 1026 1458 nihil
1052 1411 1242 1458 habent
1264 1415 1559 1458 accersitum
1582 1427 1676 1458 nec

134 1475 161 1521 2
184 1478 368 1525 fictum.
465 1477 517 1525 Si
563 1479 668 1526 fieri
721 1485 907 1542 posset,
954 1479 1074 1542 quid
1133 1482 1362 1536 sentiam,
1409 1478 1676 1526 ostendere

184 1561 332 1609 quam
391 1546 527 1609 loqui
584 1546 800 1594 mallem.
898 1546 1064 1593 Etiam
1123 1550 1163 1593 si
1209 1546 1534 1608 disputarem,
1581 1561 1676 1593 nec

183 1613 536 1675 supploderem
583 1614 767 1676 pedem
808 1630 904 1660 nec
944 1630 1148 1660 manum
1188 1616 1426 1661 iactarem
1466 1629 1561 1660 nec
1601 1619 1676 1660 at-

183 1680 414 1727 tollerem
474 1697 663 1739 vocem,
714 1681 804 1728 sed
862 1684 959 1728 ista
1016 1682 1291 1728 oratoribus
1348 1680 1676 1744 reliquissem,

184 1754 453 1795 contentus
495 1765 667 1795 sensus
707 1764 846 1796 meos
886 1748 951 1795 ad
994 1754 1046 1795 te
1093 1748 1376 1811 pertulisse,
1417 1764 1540 1811 quos
1581 1763 1675 1794 nec

133 1817 162 1863 3
185 1831 500 1862 exornassem
536 1832 630 1863 nec
665 1817 968 1863 abiecissem.
1044 1815 1159 1862 Hoc
1201 1832 1356 1862 unum
1397 1815 1547 1878 plane
1582 1815 1676 1862 tibi

181 1881 457 1945 adprobare
516 1883 725 1930 vellem:
783 1886 950 1930 omnia
1005 1899 1087 1930 me
1145 1883 1230 1929 illa
1287 1886 1490 1941 sentire,
1548 1898 1675 1946 quae

184 1949 419 2008 dicerem,
467 1966 562 1997 nec
620 1956 819 1997 tantum
871 1953 1076 2008 sentire,
1123 1950 1212 1997 sed
1259 1966 1437 1997 amare.
1511 1950 1675 1997 Aliter

184 2016 412 2064 homines
435 2021 661 2076 amicam,
686 2018 833 2065 aliter
863 2017 1046 2064 liberos
1077 2017 1391 2074 osculantur3
1428 2023 1597 2064 tamen
1622 2020 1674 2063 in

184 2083 278 2130 hoc
319 2100 518 2148 quoque
554 2085 787 2148 amplexu
829 2091 933 2132 tam
966 2090 1138 2132 sancto
1173 2091 1228 2132 et
1262 2084 1520 2131 moderato
1556 2087 1674 2131 satis

182 2158 392 2214 apparet
414 2151 655 2199 adfectus.

315 2237 330 2262 ¹
357 2238 562 2280 sentimus
579 2237 691 2280 later
710 2238 841 2281 MSS.
862 2255 874 2287 ;
902 2239 1137 2280 sentiamus
1158 2237 1253 2286 Pb;
1281 2238 1462 2279 sentiam
1480 2236 1540 2280 V.

249 2330 271 2350 α
299 2323 387 2364 For
410 2325 616 2378 putidum
641 2324 759 2378 (that
789 2324 931 2366 which
959 2323 1133 2365 offends
1161 2324 1240 2365 the
1266 2327 1400 2370 taste‚
1429 2323 1499 2365 i.e.
1531 2324 1570 2364 is
1597 2326 1673 2363 too

183 2376 430 2431 artificially
466 2378 641 2430 formal)
680 2391 755 2420 see
793 2378 884 2421 Cic.
923 2379 988 2420 De
1023 2378 1145 2420 Orat.
1182 2379 1241 2419 iii.
1277 2381 1326 2418 41
1358 2378 1457 2419 nolo
1492 2376 1673 2431 exprimi

185 2431 353 2472 littera-⁹
365 2433 581 2486 putidius,
603 2433 701 2474 nolo
721 2432 943 2474 obscurari
962 2432 1257 2486 neyleyentius.

250 2487 268 2511 ὃ
298 2484 365 2540 G'f.
398 2485 483 2540 Ep.
513 2487 629 2528 lxvii.
660 2489 686 2527 2
712 2487 750 2527 si
777 2487 950 2540 quando
978 2486 1297 2528 intervenervmt
1325 2485 1530 2539 epistulae
1558 2489 1671 2532 tuae,

184 2544 322 2581 tecum
339 2553 422 2582 esse
440 2540 547 2582 mihi
564 2541 725 2588 videor,
746 2544 831 2583 etc,

191 2602 284 2651 136
