<?xml version="1.0" encoding="UTF-8"?>
<!DOCTYPE html PUBLIC "-//W3C//DTD XHTML 1.0 Transitional//EN"
    "http://www.w3.org/TR/xhtml1/DTD/xhtml1-transitional.dtd">
<html xmlns="http://www.w3.org/1999/xhtml" xml:lang="en" lang="en">
 <head>
  <title>
</title>
<meta http-equiv="Content-Type" content="text/html;charset=utf-8" />
  <meta name='ocr-system' content='tesseract 3.04.00' />
  <meta name='ocr-capabilities' content='ocr_page ocr_carea ocr_par ocr_line ocrx_word'/>
</head>
<body>
  <div class='ocr_page' id='page_1' title='image "adluciliumepistu02seneuoft_0030.png"; bbox 0 0 1702 2918; ppageno 0'>
   <div class='ocr_carea' id='block_1_1' title="bbox 488 140 1420 200">
    <p class='ocr_par' dir='ltr' id='par_1_1' title="bbox 488 140 1420 200">
     <span class='ocr_line' id='line_1_1' title="bbox 488 140 1420 200; baseline 0.014 -13"><span class='ocrx_word' id='word_1_1' title='bbox 488 140 635 189; x_wconf 90' lang='lat' dir='ltr'><strong>THE</strong></span> <span class='ocrx_word' id='word_1_2' title='bbox 669 143 991 195; x_wconf 87' lang='lat' dir='ltr'><strong>EPISTLES</strong></span> <span class='ocrx_word' id='word_1_3' title='bbox 1028 147 1120 195; x_wconf 90' lang='lat' dir='ltr'><strong>OF</strong></span> <span class='ocrx_word' id='word_1_4' title='bbox 1153 148 1420 200; x_wconf 91' lang='lat' dir='ltr'>SENECA</span> 
     </span>
    </p>
   </div>
   <div class='ocr_carea' id='block_1_2' title="bbox 111 252 1702 2044">
    <p class='ocr_par' dir='ltr' id='par_1_2' title="bbox 202 252 1700 512">
     <span class='ocr_line' id='line_1_2' title="bbox 207 252 1697 320; baseline 0.013 -29"><span class='ocrx_word' id='word_1_5' title='bbox 207 261 308 292; x_wconf 87' lang='lat' dir='ltr'><strong>non</strong></span> <span class='ocrx_word' id='word_1_6' title='bbox 340 254 419 295; x_wconf 88' lang='lat' dir='ltr'><strong>est</strong></span> <span class='ocrx_word' id='word_1_7' title='bbox 452 252 719 313; x_wconf 88' lang='lat' dir='ltr'><strong>quicquam</strong></span> <span class='ocrx_word' id='word_1_8' title='bbox 753 257 873 315; x_wconf 85' lang='lat' dir='ltr'><strong>apto</strong></span> <span class='ocrx_word' id='word_1_9' title='bbox 907 256 1090 316; x_wconf 86' lang='lat' dir='ltr'><strong>aptius,</strong></span> <span class='ocrx_word' id='word_1_10' title='bbox 1125 259 1242 319; x_wconf 89' lang='lat' dir='ltr'><strong>quia</strong></span> <span class='ocrx_word' id='word_1_11' title='bbox 1275 257 1425 320; x_wconf 89' lang='lat' dir='ltr'><strong>plano</strong></span> <span class='ocrx_word' id='word_1_12' title='bbox 1459 259 1588 307; x_wconf 82' lang='lat' dir='ltr'><strong>nihil</strong></span> <span class='ocrx_word' id='word_1_13' title='bbox 1622 269 1697 310; x_wconf 76' lang='lat' dir='ltr'><strong>est</strong></span> 
     </span>
     <span class='ocr_line' id='line_1_3' title="bbox 204 340 1700 415; baseline 0.011 -28"><span class='ocrx_word' id='word_1_14' title='bbox 204 340 412 403; x_wconf 91' lang='lat' dir='ltr'><strong>planius.</strong></span> <span class='ocrx_word' id='word_1_15' title='bbox 488 344 602 391; x_wconf 90' lang='lat' dir='ltr'><strong>Non</strong></span> <span class='ocrx_word' id='word_1_16' title='bbox 627 352 772 408; x_wconf 90' lang='lat' dir='ltr'><strong>potes</strong></span> <span class='ocrx_word' id='word_1_17' title='bbox 797 346 964 395; x_wconf 88' lang='lat' dir='ltr'>dicere</span> <span class='ocrx_word' id='word_1_18' title='bbox 996 348 1092 396; x_wconf 88' lang='lat' dir='ltr'><strong>hoc</strong></span> <span class='ocrx_word' id='word_1_19' title='bbox 1115 355 1274 414; x_wconf 88' lang='lat' dir='ltr'><strong>magis</strong></span> <span class='ocrx_word' id='word_1_20' title='bbox 1306 369 1397 415; x_wconf 87' lang='lat' dir='ltr'><strong>par</strong></span> <span class='ocrx_word' id='word_1_21' title='bbox 1419 369 1528 402; x_wconf 91' lang='lat' dir='ltr'><strong>esse</strong></span> <span class='ocrx_word' id='word_1_22' title='bbox 1551 355 1700 403; x_wconf 87' lang='lat' dir='ltr'><strong>alicui</strong></span> 
     </span>
     <span class='ocr_line' id='line_1_4' title="bbox 202 437 1700 512; baseline 0.01 -31"><span class='ocrx_word' id='word_1_23' title='bbox 202 450 353 498; x_wconf 89' lang='lat' dir='ltr'><strong>quam</strong></span> <span class='ocrx_word' id='word_1_24' title='bbox 392 437 549 494; x_wconf 82' lang='lat' dir='ltr'><strong>illud3</strong></span> <span class='ocrx_word' id='word_1_25' title='bbox 602 455 723 503; x_wconf 90' lang='lat' dir='ltr'><strong>ergo</strong></span> <span class='ocrx_word' id='word_1_26' title='bbox 756 457 852 489; x_wconf 88' lang='lat' dir='ltr'><strong>nec</strong></span> <span class='ocrx_word' id='word_1_27' title='bbox 891 441 1106 491; x_wconf 89' lang='lat' dir='ltr'><strong>honesto</strong></span> <span class='ocrx_word' id='word_1_28' title='bbox 1139 444 1398 493; x_wconf 83' lang='lat' dir='ltr'><strong>honestius</strong></span> <span class='ocrx_word' id='word_1_29' title='bbox 1433 451 1700 512; x_wconf 86' lang='lat' dir='ltr'><strong>quicquam</strong></span> 
     </span>
    </p>

    <p class='ocr_par' dir='ltr' id='par_1_3' title="bbox 120 529 1699 878">
     <span class='ocr_line' id='line_1_5' title="bbox 120 529 1699 601; baseline 0.01 -26"><span class='ocrx_word' id='word_1_30' title='bbox 120 536 181 584; x_wconf 89' lang='lat'><strong>29</strong></span> <span class='ocrx_word' id='word_1_31' title='bbox 202 536 293 577; x_wconf 88' lang='lat' dir='ltr'><strong>est.</strong></span> <span class='ocrx_word' id='word_1_32' title='bbox 367 529 518 590; x_wconf 85' lang='lat' dir='ltr'><strong>Quod</strong></span> <span class='ocrx_word' id='word_1_33' title='bbox 550 537 591 580; x_wconf 90' lang='lat' dir='ltr'><strong>si</strong></span> <span class='ocrx_word' id='word_1_34' title='bbox 623 551 713 597; x_wconf 89' lang='lat' dir='ltr'><strong>par</strong></span> <span class='ocrx_word' id='word_1_35' title='bbox 743 540 967 584; x_wconf 92' lang='lat' dir='ltr'><strong>omnium</strong></span> <span class='ocrx_word' id='word_1_36' title='bbox 998 541 1241 587; x_wconf 88' lang='lat' dir='ltr'><strong>virtutum</strong></span> <span class='ocrx_word' id='word_1_37' title='bbox 1275 547 1453 588; x_wconf 89' lang='lat' dir='ltr'><strong>natura</strong></span> <span class='ocrx_word' id='word_1_38' title='bbox 1484 549 1578 601; x_wconf 90' lang='lat' dir='ltr'><strong>est,</strong></span> <span class='ocrx_word' id='word_1_39' title='bbox 1602 547 1699 590; x_wconf 84' lang='lat' dir='ltr'><strong>tria</strong></span> 
     </span>
     <span class='ocr_line' id='line_1_6' title="bbox 201 627 1699 701; baseline 0.009 -28"><span class='ocrx_word' id='word_1_40' title='bbox 201 642 390 689; x_wconf 89' lang='lat' dir='ltr'><strong>genera</strong></span> <span class='ocrx_word' id='word_1_41' title='bbox 416 627 662 676; x_wconf 89' lang='lat' dir='ltr'><strong>bonorum</strong></span> <span class='ocrx_word' id='word_1_42' title='bbox 692 633 746 677; x_wconf 94' lang='lat' dir='ltr'><strong>in</strong></span> <span class='ocrx_word' id='word_1_43' title='bbox 768 647 931 695; x_wconf 89' lang='lat' dir='ltr'><strong>aequo</strong></span> <span class='ocrx_word' id='word_1_44' title='bbox 961 639 1093 681; x_wconf 88' lang='lat' dir='ltr'><strong>sunt.</strong></span> <span class='ocrx_word' id='word_1_45' title='bbox 1167 633 1247 681; x_wconf 92' lang='lat' dir='ltr'><strong>Ita</strong></span> <span class='ocrx_word' id='word_1_46' title='bbox 1277 635 1419 683; x_wconf 89' lang='lat' dir='ltr'><strong>dico:</strong></span> <span class='ocrx_word' id='word_1_47' title='bbox 1454 639 1508 684; x_wconf 91' lang='lat' dir='ltr'><strong>in</strong></span> <span class='ocrx_word' id='word_1_48' title='bbox 1538 654 1699 701; x_wconf 90' lang='lat' dir='ltr'><strong>aequo</strong></span> 
     </span>
     <span class='ocr_line' id='line_1_7' title="bbox 202 723 1699 788; baseline 0.009 -20"><span class='ocrx_word' id='word_1_49' title='bbox 202 728 281 769; x_wconf 86' lang='lat' dir='ltr'><strong>est</strong></span> <span class='ocrx_word' id='word_1_50' title='bbox 312 723 572 772; x_wconf 86' lang='lat' dir='ltr'><strong>moderate</strong></span> <span class='ocrx_word' id='word_1_51' title='bbox 601 725 823 788; x_wconf 88' lang='lat' dir='ltr'><strong>gaudere</strong></span> <span class='ocrx_word' id='word_1_52' title='bbox 851 733 906 775; x_wconf 89' lang='lat' dir='ltr'><strong>et</strong></span> <span class='ocrx_word' id='word_1_53' title='bbox 935 728 1197 778; x_wconf 85' lang='lat' dir='ltr'><strong>moderate</strong></span> <span class='ocrx_word' id='word_1_54' title='bbox 1220 731 1406 780; x_wconf 86' lang='lat' dir='ltr'><strong>dolere.</strong></span> <span class='ocrx_word' id='word_1_55' title='bbox 1480 733 1699 782; x_wconf 82' lang='lat' dir='ltr'><strong>Laetitia</strong></span> 
     </span>
     <span class='ocr_line' id='line_1_8' title="bbox 198 816 1696 878; baseline 0.01 -15"><span class='ocrx_word' id='word_1_56' title='bbox 198 816 286 864; x_wconf 91' lang='lat' dir='ltr'><strong>illa</strong></span> <span class='ocrx_word' id='word_1_57' title='bbox 325 835 427 866; x_wconf 89' lang='lat' dir='ltr'><strong>non</strong></span> <span class='ocrx_word' id='word_1_58' title='bbox 466 822 625 867; x_wconf 87' lang='lat' dir='ltr'><strong>vineit</strong></span> <span class='ocrx_word' id='word_1_59' title='bbox 669 820 800 869; x_wconf 90' lang='lat' dir='ltr'><strong>hanc</strong></span> <span class='ocrx_word' id='word_1_60' title='bbox 840 825 994 870; x_wconf 88' lang='lat' dir='ltr'><strong>animi</strong></span> <span class='ocrx_word' id='word_1_61' title='bbox 1041 824 1329 874; x_wconf 85' lang='lat' dir='ltr'><strong>firmitatem</strong></span> <span class='ocrx_word' id='word_1_62' title='bbox 1369 829 1462 876; x_wconf 91' lang='lat' dir='ltr'><strong>sub</strong></span> <span class='ocrx_word' id='word_1_63' title='bbox 1507 835 1696 878; x_wconf 83' lang='lat' dir='ltr'><strong>tortore</strong></span> 
     </span>
    </p>

    <p class='ocr_par' dir='ltr' id='par_1_4' title="bbox 115 913 1696 1175">
     <span class='ocr_line' id='line_1_9' title="bbox 115 913 1696 983; baseline 0.009 -26"><span class='ocrx_word' id='word_1_64' title='bbox 115 943 121 945; x_wconf 56' lang='lat'>&gt;</span> <span class='ocrx_word' id='word_1_65' title='bbox 197 915 418 974; x_wconf 82' lang='lat' dir='ltr'><strong>gemitus</strong></span> <span class='ocrx_word' id='word_1_66' title='bbox 477 913 805 962; x_wconf 83' lang='lat' dir='ltr'><strong>devorantem</strong></span> <span class='ocrx_word' id='word_1_67' title='bbox 830 932 844 973; x_wconf 92' lang='lat'>;</span> <span class='ocrx_word' id='word_1_68' title='bbox 917 916 1006 963; x_wconf 89' lang='lat' dir='ltr'><strong>illa</strong></span> <span class='ocrx_word' id='word_1_69' title='bbox 1067 918 1199 966; x_wconf 87' lang='lat' dir='ltr'><strong>bona</strong></span> <span class='ocrx_word' id='word_1_70' title='bbox 1257 921 1514 983; x_wconf 88' lang='lat' dir='ltr'><strong>optabilia,</strong></span> <span class='ocrx_word' id='word_1_71' title='bbox 1571 922 1696 971; x_wconf 85' lang='lat' dir='ltr'><strong>haec</strong></span> 
     </span>
     <span class='ocr_line' id='line_1_10' title="bbox 195 1007 1695 1082; baseline 0.009 -30"><span class='ocrx_word' id='word_1_72' title='bbox 195 1007 441 1054; x_wconf 87' lang='lat' dir='ltr'><strong>mirabilia</strong></span> <span class='ocrx_word' id='word_1_73' title='bbox 471 1015 606 1068; x_wconf 89' lang='lat' dir='ltr'><strong>sunt,</strong></span> <span class='ocrx_word' id='word_1_74' title='bbox 638 1016 851 1075; x_wconf 85' lang='lat' dir='ltr'><strong>utraque</strong></span> <span class='ocrx_word' id='word_1_75' title='bbox 881 1011 1205 1061; x_wconf 89' lang='lat' dir='ltr'><strong>nihilominus</strong></span> <span class='ocrx_word' id='word_1_76' title='bbox 1237 1020 1389 1078; x_wconf 87' lang='lat' dir='ltr'><strong>paria,</strong></span> <span class='ocrx_word' id='word_1_77' title='bbox 1412 1021 1529 1081; x_wconf 90' lang='lat' dir='ltr'><strong>quia</strong></span> <span class='ocrx_word' id='word_1_78' title='bbox 1552 1018 1695 1082; x_wconf 90' lang='lat' dir='ltr'><strong>quid·</strong></span> 
     </span>
     <span class='ocr_line' id='line_1_11' title="bbox 196 1101 1690 1175; baseline 0.008 -27"><span class='ocrx_word' id='word_1_79' title='bbox 196 1101 320 1165; x_wconf 91' lang='lat' dir='ltr'><strong>quid</strong></span> <span class='ocrx_word' id='word_1_80' title='bbox 354 1103 657 1152; x_wconf 88' lang='lat' dir='ltr'><strong>incommodi</strong></span> <span class='ocrx_word' id='word_1_81' title='bbox 692 1110 787 1163; x_wconf 87' lang='lat' dir='ltr'><strong>est,</strong></span> <span class='ocrx_word' id='word_1_82' title='bbox 822 1108 872 1152; x_wconf 88' lang='lat' dir='ltr'><strong>vi</strong></span> <span class='ocrx_word' id='word_1_83' title='bbox 910 1111 1055 1154; x_wconf 87' lang='lat' dir='ltr'><strong>tanto</strong></span> <span class='ocrx_word' id='word_1_84' title='bbox 1089 1111 1286 1156; x_wconf 87' lang='lat' dir='ltr'><strong>maioris</strong></span> <span class='ocrx_word' id='word_1_85' title='bbox 1327 1110 1447 1157; x_wconf 90' lang='lat' dir='ltr'><strong>boni</strong></span> <span class='ocrx_word' id='word_1_86' title='bbox 1487 1115 1690 1175; x_wconf 85' lang='lat' dir='ltr'><strong>tegitur.</strong></span> 
     </span>
    </p>

    <p class='ocr_par' dir='ltr' id='par_1_5' title="bbox 114 1195 1696 1644">
     <span class='ocr_line' id='line_1_12' title="bbox 114 1195 1695 1267; baseline 0.008 -25"><span class='ocrx_word' id='word_1_87' title='bbox 114 1202 178 1249; x_wconf 89' lang='lat'><strong>30</strong></span> <span class='ocrx_word' id='word_1_88' title='bbox 197 1195 437 1261; x_wconf 84' lang='lat' dir='ltr'><strong>Quisquis</strong></span> <span class='ocrx_word' id='word_1_89' title='bbox 489 1197 615 1246; x_wconf 88' lang='lat' dir='ltr'><strong>haec</strong></span> <span class='ocrx_word' id='word_1_90' title='bbox 659 1202 852 1263; x_wconf 85' lang='lat' dir='ltr'><strong>inparia</strong></span> <span class='ocrx_word' id='word_1_91' title='bbox 895 1201 1101 1260; x_wconf 84' lang='lat' dir='ltr'><strong>iudicat,</strong></span> <span class='ocrx_word' id='word_1_92' title='bbox 1146 1203 1211 1250; x_wconf 93' lang='lat' dir='ltr'><strong>ab</strong></span> <span class='ocrx_word' id='word_1_93' title='bbox 1261 1207 1381 1267; x_wconf 90' lang='lat' dir='ltr'><strong>ipsis</strong></span> <span class='ocrx_word' id='word_1_94' title='bbox 1426 1207 1695 1255; x_wconf 83' lang='lat' dir='ltr'><strong>virtutibus</strong></span> 
     </span>
     <span class='ocr_line' id='line_1_13' title="bbox 195 1293 1696 1362; baseline 0.009 -24"><span class='ocrx_word' id='word_1_95' title='bbox 195 1295 380 1341; x_wconf 84' lang='lat' dir='ltr'><strong>avertit</strong></span> <span class='ocrx_word' id='word_1_96' title='bbox 413 1293 581 1341; x_wconf 91' lang='lat' dir='ltr'><strong>oculos</strong></span> <span class='ocrx_word' id='word_1_97' title='bbox 622 1301 677 1342; x_wconf 91' lang='lat' dir='ltr'><strong>et</strong></span> <span class='ocrx_word' id='word_1_98' title='bbox 717 1299 963 1343; x_wconf 84' lang='lat' dir='ltr'><strong>exteriora</strong></span> <span class='ocrx_word' id='word_1_99' title='bbox 997 1300 1362 1362; x_wconf 84' lang='lat' dir='ltr'><strong>circumspicit3</strong></span> <span class='ocrx_word' id='word_1_100' title='bbox 1413 1300 1545 1349; x_wconf 89' lang='lat' dir='ltr'><strong>bona</strong></span> <span class='ocrx_word' id='word_1_101' title='bbox 1578 1319 1696 1351; x_wconf 82' lang='lat' dir='ltr'><strong>vera</strong></span> 
     </span>
     <span class='ocr_line' id='line_1_14' title="bbox 195 1388 1693 1456; baseline 0.007 -21"><span class='ocrx_word' id='word_1_102' title='bbox 195 1388 331 1436; x_wconf 90' lang='lat' dir='ltr'><strong>idem</strong></span> <span class='ocrx_word' id='word_1_103' title='bbox 376 1390 624 1454; x_wconf 88' lang='lat' dir='ltr'><strong>pendent,</strong></span> <span class='ocrx_word' id='word_1_104' title='bbox 669 1391 805 1439; x_wconf 90' lang='lat' dir='ltr'><strong>idem</strong></span> <span class='ocrx_word' id='word_1_105' title='bbox 859 1399 1054 1456; x_wconf 87' lang='lat' dir='ltr'><strong>patent.</strong></span> <span class='ocrx_word' id='word_1_106' title='bbox 1149 1393 1246 1441; x_wconf 88' lang='lat' dir='ltr'><strong>Illa</strong></span> <span class='ocrx_word' id='word_1_107' title='bbox 1298 1394 1424 1443; x_wconf 85' lang='lat' dir='ltr'><strong>falsa</strong></span> <span class='ocrx_word' id='word_1_108' title='bbox 1475 1397 1693 1446; x_wconf 88' lang='lat' dir='ltr'><strong>multum</strong></span> 
     </span>
     <span class='ocr_line' id='line_1_15' title="bbox 195 1483 1693 1553; baseline 0.006 -23"><span class='ocrx_word' id='word_1_109' title='bbox 195 1483 388 1532; x_wconf 88' lang='lat' dir='ltr'><strong>habent</strong></span> <span class='ocrx_word' id='word_1_110' title='bbox 437 1487 565 1533; x_wconf 88' lang='lat' dir='ltr'><strong>vani.</strong></span> <span class='ocrx_word' id='word_1_111' title='bbox 661 1484 842 1550; x_wconf 83' lang='lat' dir='ltr'><strong>Itaque</strong></span> <span class='ocrx_word' id='word_1_112' title='bbox 898 1491 1122 1550; x_wconf 89' lang='lat' dir='ltr'><strong>speciosa</strong></span> <span class='ocrx_word' id='word_1_113' title='bbox 1177 1494 1233 1536; x_wconf 84' lang='lat' dir='ltr'><strong>et</strong></span> <span class='ocrx_word' id='word_1_114' title='bbox 1287 1505 1471 1553; x_wconf 87' lang='lat' dir='ltr'><strong>magna</strong></span> <span class='ocrx_word' id='word_1_115' title='bbox 1519 1498 1693 1539; x_wconf 81' lang='lat' dir='ltr'><strong>contra</strong></span> 
     </span>
     <span class='ocr_line' id='line_1_16' title="bbox 195 1580 1564 1644; baseline 0.006 -19"><span class='ocrx_word' id='word_1_116' title='bbox 195 1580 486 1638; x_wconf 89' lang='lat' dir='ltr'><strong>visentibus,</strong></span> <span class='ocrx_word' id='word_1_117' title='bbox 511 1596 625 1627; x_wconf 87' lang='lat' dir='ltr'><strong>cum</strong></span> <span class='ocrx_word' id='word_1_118' title='bbox 649 1580 714 1628; x_wconf 91' lang='lat' dir='ltr'><strong>ad</strong></span> <span class='ocrx_word' id='word_1_119' title='bbox 737 1581 933 1644; x_wconf 90' lang='lat' dir='ltr'><strong>pondus</strong></span> <span class='ocrx_word' id='word_1_120' title='bbox 956 1589 1187 1631; x_wconf 88' lang='lat' dir='ltr'><strong>revocata</strong></span> <span class='ocrx_word' id='word_1_121' title='bbox 1210 1590 1345 1644; x_wconf 88' lang='lat' dir='ltr'><strong>sunt,</strong></span> <span class='ocrx_word' id='word_1_122' title='bbox 1369 1584 1564 1634; x_wconf 88' lang='lat' dir='ltr'><strong>fallunt.</strong></span> 
     </span>
    </p>

    <p class='ocr_par' dir='ltr' id='par_1_6' title="bbox 111 1674 1702 2044">
     <span class='ocr_line' id='line_1_17' title="bbox 111 1674 1702 1776; baseline 0.004 -52"><span class='ocrx_word' id='word_1_123' title='bbox 111 1678 168 1724; x_wconf 89' lang='lat'><strong>31</strong></span> <span class='ocrx_word' id='word_1_124' title='bbox 278 1674 358 1722; x_wconf 87' lang='lat' dir='ltr'><strong>Ita</strong></span> <span class='ocrx_word' id='word_1_125' title='bbox 381 1681 475 1734; x_wconf 87' lang='lat' dir='ltr'><strong>est,</strong></span> <span class='ocrx_word' id='word_1_126' title='bbox 493 1678 563 1722; x_wconf 89' lang='lat' dir='ltr'><strong>mi</strong></span> <span class='ocrx_word' id='word_1_127' title='bbox 587 1675 779 1733; x_wconf 88' lang='lat' dir='ltr'><strong>Lucili;</strong></span> <span class='ocrx_word' id='word_1_128' title='bbox 813 1677 1052 1740; x_wconf 89' lang='lat' dir='ltr'><strong>quicquid</strong></span> <span class='ocrx_word' id='word_1_129' title='bbox 1070 1693 1186 1725; x_wconf 85' lang='lat' dir='ltr'><strong>vera</strong></span> <span class='ocrx_word' id='word_1_130' title='bbox 1209 1682 1336 1727; x_wconf 89' lang='lat' dir='ltr'><strong>ratio</strong></span> <span class='ocrx_word' id='word_1_131' title='bbox 1353 1682 1702 1776; x_wconf 56' lang='lat' dir='ltr'><strong>commendat,&#39;</strong></span> 
     </span>
     <span class='ocr_line' id='line_1_18' title="bbox 192 1770 1702 1843; baseline 0.005 -26"><span class='ocrx_word' id='word_1_132' title='bbox 192 1770 407 1818; x_wconf 90' lang='lat' dir='ltr'><strong>solidum</strong></span> <span class='ocrx_word' id='word_1_133' title='bbox 439 1777 494 1818; x_wconf 90' lang='lat' dir='ltr'><strong>et</strong></span> <span class='ocrx_word' id='word_1_134' title='bbox 527 1776 790 1818; x_wconf 87' lang='lat' dir='ltr'><strong>aeternum</strong></span> <span class='ocrx_word' id='word_1_135' title='bbox 822 1777 917 1830; x_wconf 89' lang='lat' dir='ltr'><strong>est,</strong></span> <span class='ocrx_word' id='word_1_136' title='bbox 948 1771 1112 1820; x_wconf 86' lang='lat' dir='ltr'><strong>firmat</strong></span> <span class='ocrx_word' id='word_1_137' title='bbox 1145 1776 1368 1821; x_wconf 89' lang='lat' dir='ltr'><strong>animum</strong></span> <span class='ocrx_word' id='word_1_138' title='bbox 1398 1775 1702 1843; x_wconf 64' lang='lat' dir='ltr'><strong>attollitque,</strong></span> 
     </span>
     <span class='ocr_line' id='line_1_19' title="bbox 190 1865 1688 1934; baseline 0.005 -21"><span class='ocrx_word' id='word_1_139' title='bbox 190 1880 391 1929; x_wconf 83' lang='lat' dir='ltr'><strong>semper</strong></span> <span class='ocrx_word' id='word_1_140' title='bbox 451 1865 678 1914; x_wconf 84' lang='lat' dir='ltr'><strong>futurum</strong></span> <span class='ocrx_word' id='word_1_141' title='bbox 739 1869 792 1913; x_wconf 90' lang='lat' dir='ltr'><strong>in</strong></span> <span class='ocrx_word' id='word_1_142' title='bbox 850 1866 1049 1915; x_wconf 87' lang='lat' dir='ltr'><strong>excelso</strong></span> <span class='ocrx_word' id='word_1_143' title='bbox 1075 1883 1089 1925; x_wconf 93' lang='lat'>;</span> <span class='ocrx_word' id='word_1_144' title='bbox 1155 1868 1242 1915; x_wconf 89' lang='lat' dir='ltr'><strong>illa</strong></span> <span class='ocrx_word' id='word_1_145' title='bbox 1303 1885 1433 1934; x_wconf 80' lang='lat' dir='ltr'><strong>quae</strong></span> <span class='ocrx_word' id='word_1_146' title='bbox 1495 1876 1688 1920; x_wconf 86' lang='lat' dir='ltr'><strong>temere</strong></span> 
     </span>
     <span class='ocr_line' id='line_1_20' title="bbox 190 1946 1702 2044; baseline 0.004 -37"><span class='ocrx_word' id='word_1_147' title='bbox 190 1961 458 2009; x_wconf 83' lang='lat' dir='ltr'><strong>laudantur</strong></span> <span class='ocrx_word' id='word_1_148' title='bbox 513 1967 569 2010; x_wconf 89' lang='lat' dir='ltr'><strong>et</strong></span> <span class='ocrx_word' id='word_1_149' title='bbox 625 1961 762 2025; x_wconf 86' lang='lat' dir='ltr'><strong>vulgi</strong></span> <span class='ocrx_word' id='word_1_150' title='bbox 819 1965 1074 2010; x_wconf 86' lang='lat' dir='ltr'><strong>sententia</strong></span> <span class='ocrx_word' id='word_1_151' title='bbox 1132 1962 1264 2010; x_wconf 88' lang='lat' dir='ltr'><strong>bona</strong></span> <span class='ocrx_word' id='word_1_152' title='bbox 1321 1971 1455 2024; x_wconf 91' lang='lat' dir='ltr'><strong>sunt,</strong></span> <span class='ocrx_word' id='word_1_153' title='bbox 1511 1946 1702 2044; x_wconf 60' lang='lat' dir='ltr'><strong>inflant:</strong></span> 
     </span>
    </p>
   </div>
   <div class='ocr_carea' id='block_1_3' title="bbox 187 2056 1702 2204">
    <p class='ocr_par' dir='ltr' id='par_1_7' title="bbox 187 2056 1702 2204">
     <span class='ocr_line' id='line_1_21' title="bbox 188 2056 1702 2125; baseline 0.004 -22"><span class='ocrx_word' id='word_1_154' title='bbox 188 2057 418 2104; x_wconf 90' lang='lat' dir='ltr'><strong>inanibus</strong></span> <span class='ocrx_word' id='word_1_155' title='bbox 441 2056 615 2104; x_wconf 90' lang='lat' dir='ltr'><strong>laetos.</strong></span> <span class='ocrx_word' id='word_1_156' title='bbox 689 2056 874 2103; x_wconf 88' lang='lat' dir='ltr'><strong>Rursus</strong></span> <span class='ocrx_word' id='word_1_157' title='bbox 898 2072 974 2116; x_wconf 84' lang='lat' dir='ltr'><strong>ea,</strong></span> <span class='ocrx_word' id='word_1_158' title='bbox 997 2073 1126 2120; x_wconf 90' lang='lat' dir='ltr'><strong>quae</strong></span> <span class='ocrx_word' id='word_1_159' title='bbox 1155 2061 1400 2106; x_wconf 87' lang='lat' dir='ltr'><strong>timentur</strong></span> <span class='ocrx_word' id='word_1_160' title='bbox 1430 2064 1702 2125; x_wconf 77' lang='lat' dir='ltr'><strong>tamquam!</strong></span> 
     </span>
     <span class='ocr_line' id='line_1_22' title="bbox 187 2133 1702 2204; baseline 0.003 -12"><span class='ocrx_word' id='word_1_161' title='bbox 187 2145 333 2204; x_wconf 86' lang='lat' dir='ltr'><strong>mala,</strong></span> <span class='ocrx_word' id='word_1_162' title='bbox 358 2148 573 2191; x_wconf 83' lang='lat' dir='ltr'><strong>iniciunt</strong></span> <span class='ocrx_word' id='word_1_163' title='bbox 595 2144 915 2192; x_wconf 86' lang='lat' dir='ltr'><strong>formidinem</strong></span> <span class='ocrx_word' id='word_1_164' title='bbox 932 2146 1186 2193; x_wconf 87' lang='lat' dir='ltr'><strong>mentibus</strong></span> <span class='ocrx_word' id='word_1_165' title='bbox 1204 2152 1259 2194; x_wconf 87' lang='lat' dir='ltr'><strong>et</strong></span> <span class='ocrx_word' id='word_1_166' title='bbox 1281 2147 1391 2195; x_wconf 88' lang='lat' dir='ltr'><strong>illas</strong></span> <span class='ocrx_word' id='word_1_167' title='bbox 1413 2165 1517 2196; x_wconf 92' lang='lat' dir='ltr'><strong>non</strong></span> <span class='ocrx_word' id='word_1_168' title='bbox 1539 2133 1702 2198; x_wconf 58' lang='lat' dir='ltr'><strong>aliter*</strong></span> 
     </span>
    </p>
   </div>
   <div class='ocr_carea' id='block_1_4' title="bbox 103 2215 1702 2378">
    <p class='ocr_par' dir='ltr' id='par_1_8' title="bbox 103 2215 1702 2378">
     <span class='ocr_line' id='line_1_23' title="bbox 103 2215 1702 2312; baseline 0.003 -24"><span class='ocrx_word' id='word_1_169' title='bbox 103 2251 166 2299; x_wconf 86' lang='lat'><strong>32</strong></span> <span class='ocrx_word' id='word_1_170' title='bbox 188 2258 339 2306; x_wconf 90' lang='lat' dir='ltr'><strong>quam</strong></span> <span class='ocrx_word' id='word_1_171' title='bbox 383 2240 616 2288; x_wconf 86' lang='lat' dir='ltr'><strong>animalia</strong></span> <span class='ocrx_word' id='word_1_172' title='bbox 662 2243 854 2304; x_wconf 86' lang='lat' dir='ltr'><strong>species</strong></span> <span class='ocrx_word' id='word_1_173' title='bbox 899 2240 1110 2305; x_wconf 88' lang='lat' dir='ltr'><strong>periculi</strong></span> <span class='ocrx_word' id='word_1_174' title='bbox 1154 2244 1364 2306; x_wconf 87' lang='lat' dir='ltr'><strong>agitant.</strong></span> <span class='ocrx_word' id='word_1_175' title='bbox 1456 2215 1702 2312; x_wconf 55' lang='lat' dir='ltr'><strong>Utraquefi</strong></span> 
     </span>
     <span class='ocr_line' id='line_1_24' title="bbox 1694 2349 1702 2378; baseline 0 0"><span class='ocrx_word' id='word_1_176' title='bbox 1694 2349 1702 2378; x_wconf 82' lang='lat' dir='ltr'><strong>n</strong></span> 
     </span>
    </p>
   </div>
   <div class='ocr_carea' id='block_1_5' title="bbox 187 2410 1702 2587">
    <p class='ocr_par' dir='ltr' id='par_1_9' title="bbox 187 2410 1702 2587">
     <span class='ocr_line' id='line_1_25' title="bbox 254 2410 1702 2478; baseline 0.004 -16"><span class='ocrx_word' id='word_1_177' title='bbox 254 2429 276 2449; x_wconf 84' lang='lat'>⁸</span> <span class='ocrx_word' id='word_1_178' title='bbox 302 2421 392 2468; x_wconf 75' lang='grc' dir='ltr'><strong><em>ι’.σ.,</em></strong></span> <span class='ocrx_word' id='word_1_179' title='bbox 414 2420 466 2462; x_wconf 86' lang='lat' dir='ltr'><strong>of</strong></span> <span class='ocrx_word' id='word_1_180' title='bbox 479 2419 558 2463; x_wconf 85' lang='lat' dir='ltr'><strong>the</strong></span> <span class='ocrx_word' id='word_1_181' title='bbox 577 2420 690 2468; x_wconf 82' lang='lat' dir='ltr'><strong>soul,</strong></span> <span class='ocrx_word' id='word_1_182' title='bbox 711 2419 764 2462; x_wconf 84' lang='lat' dir='ltr'><strong>of</strong></span> <span class='ocrx_word' id='word_1_183' title='bbox 777 2419 856 2462; x_wconf 85' lang='lat' dir='ltr'><strong>the</strong></span> <span class='ocrx_word' id='word_1_184' title='bbox 874 2419 1013 2474; x_wconf 84' lang='lat' dir='ltr'><strong>body,</strong></span> <span class='ocrx_word' id='word_1_185' title='bbox 1033 2421 1125 2463; x_wconf 85' lang='lat' dir='ltr'><strong>and</strong></span> <span class='ocrx_word' id='word_1_186' title='bbox 1144 2422 1199 2464; x_wconf 82' lang='lat' dir='ltr'><strong>of</strong></span> <span class='ocrx_word' id='word_1_187' title='bbox 1210 2423 1410 2464; x_wconf 72' lang='lat' dir='ltr'><strong>exten-nal</strong></span> <span class='ocrx_word' id='word_1_188' title='bbox 1428 2423 1585 2478; x_wconf 79' lang='lat' dir='ltr'><strong>goods.</strong></span> <span class='ocrx_word' id='word_1_189' title='bbox 1693 2410 1702 2468; x_wconf 51' lang='lat' dir='ltr'><strong>l</strong></span> 
     </span>
     <span class='ocr_line' id='line_1_26' title="bbox 253 2474 1679 2530; baseline 0.004 -15"><span class='ocrx_word' id='word_1_190' title='bbox 253 2476 271 2502; x_wconf 63' lang='grc' dir='ltr'><strong><em>ὓ</em></strong></span> <span class='ocrx_word' id='word_1_191' title='bbox 301 2475 546 2516; x_wconf 84' lang='lat' dir='ltr'><strong>Buecheler</strong></span> <span class='ocrx_word' id='word_1_192' title='bbox 558 2474 713 2516; x_wconf 81' lang='lat' dir='ltr'><strong>thinks</strong></span> <span class='ocrx_word' id='word_1_193' title='bbox 728 2474 829 2515; x_wconf 85' lang='lat' dir='ltr'><strong>that</strong></span> <span class='ocrx_word' id='word_1_194' title='bbox 843 2474 934 2516; x_wconf 84' lang='lat' dir='ltr'><strong>this</strong></span> <span class='ocrx_word' id='word_1_195' title='bbox 948 2475 1212 2518; x_wconf 84' lang='lat' dir='ltr'><strong>alliterative</strong></span> <span class='ocrx_word' id='word_1_196' title='bbox 1231 2476 1394 2530; x_wconf 89' lang='lat' dir='ltr'><strong>phrase</strong></span> <span class='ocrx_word' id='word_1_197' title='bbox 1406 2478 1459 2519; x_wconf 77' lang='lat' dir='ltr'><strong>of</strong></span> <span class='ocrx_word' id='word_1_198' title='bbox 1473 2477 1679 2522; x_wconf 82' lang='lat' dir='ltr'><strong>Seneca’s</strong></span> 
     </span>
     <span class='ocr_line' id='line_1_27' title="bbox 187 2528 1695 2587; baseline 0.003 -17"><span class='ocrx_word' id='word_1_199' title='bbox 187 2531 224 2571; x_wconf 90' lang='lat' dir='ltr'><strong>is</strong></span> <span class='ocrx_word' id='word_1_200' title='bbox 239 2543 296 2571; x_wconf 86' lang='lat' dir='ltr'><strong>an</strong></span> <span class='ocrx_word' id='word_1_201' title='bbox 313 2529 424 2571; x_wconf 91' lang='lat' dir='ltr'><strong>echo</strong></span> <span class='ocrx_word' id='word_1_202' title='bbox 438 2529 490 2571; x_wconf 80' lang='lat' dir='ltr'><strong>of</strong></span> <span class='ocrx_word' id='word_1_203' title='bbox 504 2542 629 2571; x_wconf 88' lang='lat' dir='ltr'><strong>some</strong></span> <span class='ocrx_word' id='word_1_204' title='bbox 647 2528 836 2583; x_wconf 82' lang='lat' dir='ltr'><strong>popular</strong></span> <span class='ocrx_word' id='word_1_205' title='bbox 853 2529 1043 2582; x_wconf 85' lang='lat' dir='ltr'><strong>proverb</strong></span> <span class='ocrx_word' id='word_1_206' title='bbox 1057 2543 1108 2572; x_wconf 87' lang='lat' dir='ltr'><strong>or</strong></span> <span class='ocrx_word' id='word_1_207' title='bbox 1120 2529 1210 2572; x_wconf 88' lang='lat' dir='ltr'><strong>line</strong></span> <span class='ocrx_word' id='word_1_208' title='bbox 1228 2530 1366 2572; x_wconf 86' lang='lat' dir='ltr'><strong>taken</strong></span> <span class='ocrx_word' id='word_1_209' title='bbox 1382 2531 1496 2573; x_wconf 89' lang='lat' dir='ltr'><strong>from</strong></span> <span class='ocrx_word' id='word_1_210' title='bbox 1511 2546 1539 2574; x_wconf 88' lang='lat' dir='ltr'><strong>a</strong></span> <span class='ocrx_word' id='word_1_211' title='bbox 1557 2533 1672 2587; x_wconf 85' lang='lat' dir='ltr'><strong>play.</strong></span> <span class='ocrx_word' id='word_1_212' title='bbox 1692 2545 1695 2582; x_wconf 85' lang='grc'>;</span> 
     </span>
    </p>
   </div>
   <div class='ocr_carea' id='block_1_6' title="bbox 188 2601 252 2643">
    <p class='ocr_par' dir='ltr' id='par_1_10' title="bbox 188 2601 252 2643">
     <span class='ocr_line' id='line_1_28' title="bbox 188 2601 252 2643; baseline -0.016 0"><span class='ocrx_word' id='word_1_213' title='bbox 188 2601 252 2643; x_wconf 77' lang='lat'><strong>20</strong></span> 
     </span>
    </p>
   </div>
  </div>
 </body>
</html>
