1702 2918
444 181 589 228 THE
625 181 946 230 EPISTLES
983 182 1074 230 OF
1109 182 1376 230 SENECA

82 314 105 318 --
161 306 287 350 sum,
333 295 558 355 quamvis
608 291 735 339 nihil
784 296 838 339 in
883 309 1053 340 meum
1098 292 1374 341 honorem1
1420 294 1656 356 discripta

106 368 136 419 7
159 366 274 411 sint.
347 364 515 413 Stulta
558 370 764 413 avaritia
810 367 1094 414 mortalium
1139 371 1502 430 possessionem
1546 384 1655 431 pro-

158 441 530 503 prietatemque
571 439 811 487 discernit
856 457 952 488 nec
998 445 1265 504 quicquam
1307 458 1451 488 suum
1498 441 1658 489 credit

159 527 285 570 esse,
303 514 439 576 quod
463 514 721 576 publicum
740 520 831 561 est.
893 514 965 562 At
987 515 1074 562 ille
1098 518 1295 578 sapiens
1319 515 1444 562 nihil
1470 515 1658 563 iudicat

157 601 303 633 suum
327 591 485 651 magis
513 604 663 652 quam
688 591 827 635 cuius
850 589 924 635 illi
948 605 1063 636 cum
1086 588 1305 636 humano
1330 606 1518 652 genere
1542 606 1658 637 con-

158 664 366 707 sortium
407 668 497 709 est.
582 662 692 708 Nec
732 665 867 709 enim
909 668 1079 710 essent
1118 665 1191 709 ita
1231 667 1528 722 communia,
1563 666 1658 711 nisi
1701 685 1702 688 ¹

157 750 269 796 pars
310 735 507 782 illorum
548 739 828 798 pertineret
868 735 933 783 ad
974 736 1226 799 singulos;
1280 740 1468 783 socium
1509 738 1658 785 efficit
1699 789 1702 804 ἶ

104 815 134 862 8
158 812 310 856 etiam
329 809 464 872 quod
490 826 552 856 ex
570 813 776 857 minima
798 813 1028 873 portione
1053 826 1319 858 commune
1344 817 1435 859 est.
1498 811 1657 860 Adice
1701 863 1702 866 ,

157 899 308 942 nunc,
340 883 476 946 quod
507 900 692 946 magna
724 889 779 931 et
809 900 926 931 vera
958 885 1089 931 bona
1111 901 1215 931 non
1246 888 1316 932 sic
1348 884 1657 946 dividuntur,
1700 875 1702 902 ³

157 963 215 1004 ut
260 960 498 1020 exiguum
545 961 599 1004 in
645 958 867 1021 singulos
908 958 1084 1014 cadat3
1136 958 1202 1006 ad
1247 975 1657 1023 unumquemque

154 1037 264 1078 tota
282 1035 597 1094 perveniunt.
653 1031 730 1078 Ex
746 1035 997 1095 congiario
1012 1038 1211 1080 tantum
1227 1032 1398 1080 ferunt
1414 1032 1657 1098 homine-s,

155 1112 402 1169 quantum
459 1109 514 1152 in
571 1109 736 1168 capita
792 1109 1088 1169 promissum
1141 1113 1232 1155 est.
1326 1107 1547 1170 Epulum
1604 1113 1657 1155 et

155 1182 416 1226 visceratio
449 1185 503 1227 et
534 1180 808 1243 quicquid2
842 1180 980 1227 aliud
1014 1197 1166 1227 manu
1202 1184 1411 1244 capitur,
1443 1181 1657 1229 discedit

155 1256 207 1299 in
239 1260 419 1317 partes.
493 1253 566 1301 At
598 1254 723 1301 haec
754 1253 1012 1301 individua
1042 1255 1190 1313 bona,
1223 1271 1318 1317 pax
1353 1261 1406 1302 et
1435 1255 1656 1314 libertas,

157 1334 211 1375 et
225 1327 245 1359 ³
269 1334 372 1375 tarn
397 1331 621 1374 omnium
644 1335 754 1375 tota
777 1345 927 1392 quam
951 1329 1260 1392 singulorum
1284 1335 1414 1376 sunt.

104 1417 134 1465 9
242 1402 444 1466 Cogitat
483 1406 672 1465 itaque,
707 1419 798 1466 per
831 1419 983 1466 quem
1024 1403 1116 1450 sibi
1158 1402 1334 1450 horum
1371 1419 1487 1451 usus
1526 1402 1657 1451 fruc-

159 1483 339 1540 tusque
372 1480 650 1539 contingat,
682 1493 773 1540 per
803 1493 955 1540 quem
985 1493 1088 1523 non
1120 1477 1184 1524 ad
1219 1494 1355 1524 arma
1385 1477 1530 1524 illum
1561 1494 1657 1525 nec

156 1551 221 1598 ad
253 1551 518 1598 servandas
544 1551 735 1614 vigilias
758 1567 854 1599 nec
877 1551 942 1599 ad
973 1551 1165 1599 tuenda
1186 1555 1386 1599 moenia
1409 1558 1464 1600 et
1486 1552 1656 1599 multi-

156 1625 274 1688 plex
306 1625 429 1672 belli
461 1626 706 1673 tributum
740 1625 940 1689 publica
967 1629 1239 1673 necessitas
1264 1632 1426 1684 vocet,
1449 1629 1656 1690 agitque

157 1700 480 1763 gubernatori
532 1716 621 1746 suo
673 1703 872 1763 gratias.
968 1699 1082 1747 Hoc
1134 1700 1285 1747 docet
1342 1699 1657 1763 philosophia

157 1777 442 1837 praecipue,
493 1774 625 1821 bene
677 1773 899 1821 debere4
951 1773 1208 1832 beneficia,
1255 1774 1387 1822 bene
1434 1774 1656 1832 solvere;

73 1848 135 1896 10
157 1848 412 1895 interdum
445 1854 616 1895 autem
648 1848 829 1895 solutio
861 1854 939 1895 est
968 1851 1076 1911 ipsa
1107 1848 1364 1896 confessio.
1439 1848 1655 1896 Confite-

158 1923 293 1969 bitur
317 1939 437 1985 ergo
455 1922 671 1969 multum
695 1939 748 1970 se
767 1922 954 1970 debere
979 1926 1043 1981 ei,
1062 1926 1200 1969 cuius
1223 1922 1655 1969 administratione

155 2013 214 2044 ac
232 1996 547 2060 providentia
565 2000 816 2060 contingit
838 1997 911 2043 illi
935 2000 1124 2060 pingue
1142 2000 1301 2044 otium
1325 2003 1379 2044 et
1396 1997 1653 2044 arbitrium

193 2103 212 2132 ¹
239 2103 397 2147 Hense
412 2107 622 2158 suggests
634 2103 713 2146 the
728 2104 979 2158 possibility
994 2104 1046 2146 of
1057 2110 1255 2158 tempora
1269 2104 1386 2145 aster
1404 2104 1618 2147 honorem.

309 2157 394 2200 'et
412 2159 614 2238 quicqusid
633 2159 745 2200 later
764 2158 928 2206 MSS.·
956 2158 1063 2214 quid
1080 2172 1130 2200 or
1149 2159 1351 2213 quicquid
1370 2157 1498 2201 VPb.

556 2213 639 2254 ³et
658 2213 770 2254 later
790 2211 919 2255 MSS.
941 2229 953 2261 ς
982 2227 1033 2255 ea
1052 2212 1148 2254 VP.

494 2267 513 2293 ‘²
540 2267 684 2309 debere
703 2267 814 2309 later
835 2266 997 2316 MSS,
1026 2267 1176 2309 dedere
1200 2266 1323 2309 VPb.

225 2362 246 2381 ‘²
275 2353 362 2394 For
388 2353 478 2394 this
507 2352 650 2406 figure
675 2353 730 2407 cf.
756 2352 843 2407 Ep.
873 2353 990 2395 lxxii.
1023 2356 1046 2393 7
1072 2352 1162 2393 and
1186 2355 1320 2400 note;
1349 2365 1424 2394 see
1453 2351 1548 2393 also
1575 2351 1653 2393 the

159 2408 325 2450 similar
353 2407 574 2460 language
603 2407 655 2448 of
678 2407 869 2449 lxxxviii.
901 2409 951 2447 12
979 2407 1066 2458 hoo,
1098 2407 1213 2460 quod
1240 2412 1367 2455 tenes,
1389 2408 1503 2461 quod
1532 2411 1652 2448 tuum

159 2462 280 2509 dicis,
298 2462 521 2515 publicum
540 2467 599 2502 est
618 2467 657 2503 et
676 2462 847 2515 quidem
861 2461 1029 2515 yeneris
1048 2439 1239 2502 l'zwma‘ni.

225 2518 242 2543 δ
271 2516 446 2569 During
464 2517 632 2557 certain
653 2515 785 2556 festiv
791 2515 870 2559 ·.11s
891 2515 1034 2557 either
1053 2514 1226 2557 cooked
1244 2528 1294 2556 or
1312 2528 1403 2557 raw
1421 2519 1544 2557 meat
1561 2528 1651 2557 was

157 2569 426 2613 distributed
443 2583 610 2623 among
627 2569 706 2611 the
724 2570 896 2623 people.

164 2643 256 2685 108
