1702 2918
487 171 634 219 THE
669 173 990 223 EPISTLES
1027 175 1118 223 OF
1153 175 1416 224 SENECA

204 281 481 328 mutabitur
512 289 566 330 et
589 282 757 330 vultus
790 283 1065 346 agitabitur
1092 290 1147 332 et
1169 290 1306 332 artus
1330 284 1691 348 refrigescent?

201 352 271 400 Et
316 356 554 420 quicquid
599 357 736 404 aliud
775 373 879 404 non
919 374 983 405 ex
1023 361 1231 421 imperio
1277 362 1447 418 animi,
1488 359 1579 407 sed
1617 362 1691 406 in-

201 429 430 476 consulto
462 430 679 494 quodam
710 437 920 479 naturae
951 435 1146 495 impetu
1178 432 1416 495 geritur.''
1489 432 1690 490 Fateor;

199 501 289 549 sed
313 505 539 551 manebit
562 505 636 552 illi
655 509 907 568 persuasio
925 506 1120 564 eadem,
1139 506 1263 553 nihil
1283 507 1480 554 illorum
1505 507 1690 554 malum

199 592 307 624 esse
326 594 422 626 nec
440 579 667 641 dignum,
682 579 747 627 ad
765 580 899 644 quod
918 597 1061 627 mens
1075 597 1195 627 sana
1213 580 1425 629 deficiat.
1488 581 1689 639 Omnia,

198 666 326 713 quae
373 652 604 700 facienda
649 660 816 712 erunt,
862 653 1120 702 audaciter
1165 654 1287 701 facit
1339 661 1394 703 et
1440 662 1684 719 prompte.

110 719 174 766 32
200 724 314 772 Hoc
339 730 474 773 enim
499 727 746 775 stultitiae
774 731 1029 790 proprium
1061 731 1171 791 quis
1203 728 1404 788 dixerit,
1428 733 1609 793 ignave
1634 736 1688 777 et

196 805 560 848 contumaciter
595 801 777 860 facere,
812 818 940 865 quae
977 801 1144 860 faciat,
1177 808 1232 850 et
1265 802 1363 849 alio
1399 819 1576 866 corpus
1611 807 1686 851 in-

196 873 402 935 pellere,
433 875 531 922 alio
565 880 789 922 animum
823 875 1132 939 distrahique
1165 879 1299 923 inter
1329 876 1686 925 diversissimos

193 954 372 996 motus.
447 949 576 995 Nam
623 955 829 1012 propter
874 949 960 996 illa
999 953 1122 1012 ipsa,
1158 950 1338 1014 quibus
1386 951 1585 999 extollit
1631 968 1685 1000 se

192 1026 516 1087 miraturque,
542 1029 835 1086 contempta
860 1030 937 1071 est
972 1030 1026 1071 et
1050 1039 1115 1071 ne
1146 1023 1234 1071 illa
1256 1025 1478 1088 quidem,
1502 1026 1684 1089 quibus

191 1096 448 1158 gloriatur,
483 1097 704 1145 libenter
737 1097 870 1145 facit.
945 1097 999 1145 Si
1033 1113 1151 1145 vero
1190 1098 1427 1162 aliquod1
1474 1103 1684 1147 timetur

190 1170 394 1230 malum,
430 1187 490 1220 eo
538 1171 764 1234 proinde,
800 1171 922 1219 dum
968 1177 1222 1235 expectat,
1257 1176 1397 1236 quasi
1444 1177 1681 1233 venisset,

191 1252 400 1308 urgetur
446 1252 500 1294 et
546 1245 784 1310 quicquid
825 1262 890 1293 ne
932 1249 1152 1309 patiatur
1195 1249 1362 1305 timet,
1395 1250 1494 1294 iam
1539 1255 1678 1296 metu

103 1320 166 1367 33
188 1323 391 1382 patitur.
464 1319 903 1379 Quemadmodum
961 1323 1014 1367 in
1073 1321 1358 1383 corporibus
1415 1321 1677 1370 insidentis

188 1393 440 1457 languoris
456 1394 475 1425 2
499 1398 640 1457 signa
664 1400 1006 1457 praecurrunt,
1032 1394 1278 1458 quaedam
1304 1398 1439 1442 enim
1463 1399 1675 1459 segnitia

187 1472 382 1515 enervis
415 1474 494 1515 est
518 1475 572 1516 et
604 1472 711 1516 sine
744 1468 913 1516 labore
947 1467 1049 1515 ullo
1082 1467 1324 1516 lassitudo
1361 1475 1414 1516 et
1449 1473 1672 1518 oscitatio

186 1548 241 1590 et
275 1541 447 1589 horror
481 1543 705 1590 membra
739 1557 1062 1606 percurrens3
1120 1545 1190 1590 sic
1224 1542 1447 1590 infirmus
1482 1547 1672 1593 animus

186 1616 347 1663 multo
378 1622 498 1664 ante
533 1633 683 1680 quam
717 1619 1026 1679 opprimatur
1048 1615 1190 1663 malis
1215 1620 1452 1680 quatitur.
1528 1617 1673 1665 Prae-

185 1693 338 1738 sumit
361 1691 446 1737 illa
470 1697 524 1738 et
546 1697 666 1737 ante
691 1696 891 1753 tempus
916 1690 1063 1737 cadit.

269 1765 406 1824 Quid
438 1771 609 1812 autem
642 1764 928 1812 dementius
960 1780 1109 1828 quam
1141 1768 1259 1828 angi
1291 1763 1471 1812 futuris
1499 1781 1594 1813 nec
1617 1782 1672 1814 se
1700 1759 1702 1763 ¹

183 1844 436 1887 tormento
481 1855 749 1897 reservare,
791 1837 880 1886 sed
927 1854 1176 1886 arcessere
1222 1839 1316 1886 sibi
1356 1842 1577 1887 miserias
1619 1845 1702 1888 et*

97 1911 159 1958 34
182 1913 485 1962 admovere?
554 1912 692 1972 Quas
723 1916 970 1975 optimum
1002 1918 1081 1960 est
1115 1911 1330 1971 differre,
1356 1916 1396 1960 si
1420 1912 1671 1963 discutere
1696 1942 1702 1971 ρ

180 2005 282 2035 non
318 1991 486 2051 possit.
559 1986 646 2034 Vis
687 1990 812 2034 scire
852 1986 1022 2034 futuro
1063 1989 1318 2034 neminem
1354 1986 1541 2034 debere
1576 1994 1671 2036 tor·

181 2064 359 2125 queri?
427 2061 745 2124 Quicumque
787 2060 1004 2108 audierit
1044 2067 1159 2124 post
1199 2064 1670 2124 quinquagesimum

179 2152 364 2183 annum
399 2136 492 2183 sibi
524 2134 763 2199 patienda
795 2134 1054 2198 supplicia,
1078 2151 1180 2181 non
1212 2135 1550 2198 perturbatur,
1574 2139 1669 2183 nisi
1694 2161 1698 2180 ς

243 2264 259 2292 ¹
286 2265 465 2329 aliquod
481 2264 593 2329 later
613 2263 742 2328 MSS:
764 2281 776 2311 ς
805 2265 972 2318 aliquid
989 2263 1118 2306 VPb.
1170 2318 1180 2327 ⁶
1515 2319 1524 2328 .
1584 2320 1593 2328 ·
1692 2276 1694 2278 ’

242 2319 261 2344 ²
286 2319 512 2362 insudemus
538 2319 761 2373 lanquorw
788 2318 973 2367 Hense;
1018 2332 1200 2372 mmyms
1228 2319 1404 2373 lanqore
1431 2332 1481 2360 or
1507 2318 1669 2373 tmzqm‘
1689 2309 1693 2357 Ι

177 2373 384 2428 lanquore
403 2372 531 2416 MSS.
1686 2374 1691 2412 ἑ

561 2508 583 2528 ·
614 2500 650 2542 0
671 2532 681 2542 .
705 2500 823 2555 Epp.
846 2501 904 2542 xi.
929 2503 954 2541 6
973 2499 1062 2541 and
1081 2499 1183 2542 lxxi.
1207 2502 1274 2543 29.

575 2556 594 2583 δ
658 2554 818 2608 erhaps
837 2568 866 2596 a
884 2557 978 2596 sort
995 2553 1048 2597 of
1061 2553 1256 2596 malaria.

182 2627 276 2669 134
