1702 2918
480 204 627 250 THE
661 203 982 252 EPISTLES
1018 205 1110 253 OF
1143 205 1409 253 SENECA

108 382 111 384 μ
202 315 316 363 Hoc
353 314 450 363 fuit
488 319 639 362 morti
679 315 1036 364 contumeliam
1075 317 1253 366 facere.
1345 318 1424 366 Ita
1464 336 1689 383 prorsus3

113 481 172 527 21

118 1254 179 1299 22

118 1798 180 1844 23

123 2263 186 2310 24

197 410 369 456 parum
404 393 591 441 munde
623 399 678 441 et
709 410 883 457 parum
918 394 1188 453 decenter3
1223 397 1343 460 quid
1380 403 1457 445 est
1488 398 1690 446 stultius

198 488 347 535 quam
376 471 631 518 fastidiose
663 472 825 518 mori?
895 471 941 520 O
980 476 1139 520 virum
1168 472 1367 533 fortem,
1399 491 1429 522 o
1465 475 1692 539 dignum,

198 551 277 596 cui
314 548 405 595 fati
440 547 646 595 daretur
679 548 891 596 electio!
962 549 1127 609 Quam
1164 551 1364 599 fortiter
1399 551 1486 599 ille
1524 553 1692 616 gladio

197 643 314 674 usus
333 632 482 685 esset,
498 642 648 690 quam
665 630 887 675 animose
905 630 958 674 in
982 628 1280 691 profundam
1299 646 1352 677 se
1370 630 1692 679 altitudinem

197 707 345 751 maris
368 710 456 751 aut
484 704 704 751 abscisae
733 708 868 767 rupis
897 707 1196 754 inmisisset!
1270 707 1506 771 Undique
1539 709 1692 757 desti-

198 788 338 830 tutus
357 785 567 841 invenit,
583 782 1005 846 quemadmodum
1024 790 1078 832 et
1094 791 1308 832 mortem
1327 786 1420 833 sibi
1438 786 1660 835 deferret
1674 788 1692 820 1

199 867 253 909 et
277 860 454 919 telum,
478 866 536 907 ut
568 864 691 907 scias
722 859 786 907 ad
819 861 1134 909 moriendum
1157 862 1284 909 nihil
1314 863 1452 911 aliud
1482 867 1534 911 in
1558 882 1695 913 mora

198 954 307 986 esse
354 954 504 1001 quam
549 937 694 986 velle.
790 937 1122 987 Existimetur
1177 939 1242 987 de
1288 939 1422 988 facto
1479 941 1694 992 hominis

197 1019 440 1074 acerrimi,
482 1022 540 1063 ut
586 1019 767 1079 cuique
813 1020 972 1064 visum
1021 1019 1134 1077 erit,
1175 1017 1297 1065 dum
1337 1017 1432 1066 hoc
1478 1027 1694 1081 constet,

198 1093 580 1158 praeferendam
627 1111 736 1142 esse
794 1097 1159 1158 spurcissimam
1204 1102 1420 1145 mortem
1465 1102 1692 1147 servituti

200 1172 568 1220 mundissimae.

284 1251 533 1310 Quoniam
561 1253 703 1314 coepi
733 1250 943 1298 sordidis
967 1252 1210 1316 exemplis
1235 1256 1327 1312 uti,
1351 1256 1692 1316 perseverabo.

203 1329 319 1378 Plus
354 1332 490 1376 enim
520 1346 550 1376 a
581 1345 635 1376 se
670 1331 880 1393 quisque
917 1332 1104 1392 exiget,
1134 1333 1175 1377 si
1209 1331 1391 1378 viderit
1426 1331 1555 1380 hanc
1588 1349 1694 1382 rem

201 1409 354 1455 etiam
395 1423 424 1453 a
465 1409 906 1469 contemptissimis
947 1423 1091 1470 posse
1134 1412 1404 1457 contemni.
1482 1410 1696 1460 Catones

200 1484 559 1548 Scipionesque
595 1490 649 1531 et
683 1484 821 1543 alios,
853 1500 977 1548 quos
1011 1485 1183 1533 audire
1219 1503 1332 1533 cum
1367 1487 1696 1538 admiratione

200 1565 563 1621 consuevimus,
609 1578 757 1625 supra
807 1565 1142 1610 imitationem
1194 1568 1382 1627 positos
1433 1573 1697 1630 putamus;

199 1644 298 1688 iam
334 1657 428 1704 ego
463 1643 611 1687 istam
646 1643 886 1688 virtutem
921 1639 1107 1688 habere
1142 1648 1248 1689 tam
1275 1642 1435 1691 multa
1466 1646 1698 1709 exempla

199 1722 253 1766 in
310 1718 431 1766 ludo
488 1718 722 1766 bestiario
779 1734 929 1782 quam
986 1722 1038 1766 in
1095 1719 1306 1768 ducibus
1363 1721 1485 1770 belli
1543 1724 1697 1773 civilis

201 1796 477 1844 ostendam.
552 1795 677 1843 Cum
712 1795 1048 1844 adveheretur
1081 1814 1244 1861 nuper
1277 1802 1412 1847 inter
1447 1802 1697 1852 custodias

200 1874 404 1939 quidam
427 1873 492 1921 ad
515 1878 821 1921 matutinum
846 1875 1188 1938 spectaculum
1219 1880 1414 1938 missus,
1442 1884 1697 1944 tamquam

202 1969 376 2000 somno
417 1959 681 2015 premente
722 1959 942 2011 nutaret,
986 1960 1137 2017 caput
1178 1971 1336 2019 usque
1378 1973 1438 2004 eo
1478 1956 1698 2020 demisit,

202 2029 363 2078 donec
404 2030 553 2078 radiis
594 2034 855 2087 insereret,
898 2037 952 2078 et
992 2031 1186 2079 tamdiu
1227 2049 1280 2080 se
1325 2036 1379 2080 in
1425 2035 1569 2083 sedili
1610 2053 1699 2086 suo

202 2111 386 2166 tenuit,
422 2107 583 2155 donec
625 2111 871 2156 cervicem
912 2111 1216 2157 circumactu
1250 2117 1390 2159 rotae
1426 2112 1694 2176 frangeret.

204 2185 398 2233 Eodem
421 2184 668 2244 vehiculo,
692 2202 792 2249 quo
815 2185 880 2233 ad
903 2202 1119 2249 poenam
1143 2187 1413 2247 ferebatur,
1438 2190 1626 2254 effugit.

291 2263 430 2311 Nihil
488 2264 656 2311 obstat
708 2280 970 2327 erumpere
1017 2271 1072 2313 et
1123 2269 1259 2314 exire
1306 2270 1544 2330 cupienti.
1640 2271 1702 2319 In

562 2383 576 2409 ¹
606 2384 791 2439 deferret
810 2383 997 2434 Hense;
1026 2385 1190 2428 deberet
1210 2385 1340 2430 MSS.

273 2499 294 2518 α
326 2491 531 2533 Custodia
571 2493 615 2532 in
654 2491 732 2533 the
778 2504 909 2533 sense
951 2492 1003 2534 of
1046 2495 1294 2547 “prisoner
1307 2493 1331 2510 ”
1341 2494 1583 2589 Egabstract
1630 2469 1699 2539 forl

207 2548 430 2595 concrete)
460 2547 496 2586 is
529 2559 558 2586 a
594 2545 956 2600 post-Augustan
992 2559 1142 2601 usage.
1219 2546 1305 2590 See
1380 2562 1434 2603 p.
1463 2561 1503 2591 v.
1538 2552 1578 2599 7,
1608 2550 1698 2595 and

207 2598 450 2642 Summers'
469 2602 588 2642 note.

210 2663 272 2712 68
