1702 2918
495 124 641 171 THE
676 127 996 178 EPISTLES
1033 134 1125 179 OF
1158 135 1422 182 SENECA

212 232 369 275 maius
393 238 569 292 putem
587 249 735 296 quam
759 236 846 282 illa
868 253 1042 285 secura
1059 247 1112 287 et
1135 245 1438 306 intemptata
1456 245 1700 306 fortunae,

211 303 401 357 quanto
432 303 586 347 rarius
621 307 699 348 est
734 302 932 351 hostem
962 310 1140 354 amissa
1168 326 1319 356 manu
1347 315 1521 359 vicisse
1553 330 1701 376 quam

211 368 435 412 armata?
505 367 687 425 “Quid
735 372 935 433 ergo?''
979 377 1159 437 inquis,
1200 376 1342 424 “hoc
1382 379 1567 426 bonum
1609 382 1701 428 tibi

211 431 486 492 optabis?''
560 434 785 492 Quidni?
856 438 970 486 Hoc
1012 445 1147 488 enim
1181 447 1276 490 nisi
1317 449 1403 508 qui
1443 453 1613 509 potest
1649 454 1702 497 et

126 492 189 540 53
210 503 400 558 optare,
448 516 549 546 non
596 509 765 564 potest
811 505 989 553 facere.
1066 508 1150 555 An
1196 515 1362 573 potius
1409 520 1598 575 optem,
1645 521 1702 563 ut

208 564 527 613 malaxandos
573 571 807 618 articulos
854 574 1064 622 exoletis
1104 580 1229 624 meis
1275 583 1557 642 porrigam?
1630 583 1702 630 Ut

207 631 499 680 muliercula
528 642 618 682 aut
649 637 826 700 aliquis
856 643 908 686 in
937 641 1280 691 mulierculam
1313 662 1374 693 ex
1406 651 1510 693 viro
1533 665 1701 696 versus

206 696 446 759 digitulos
470 718 607 749 meos
631 703 818 752 ducat?
889 706 1077 765 Quidni
1108 727 1204 774 ego
1227 711 1501 761 feliciorem
1524 722 1699 778 putem

208 764 448 826 Mucium,
467 770 601 831 quod
626 775 694 817 sic
719 778 952 822 tractavit
975 779 1161 839 ignem,
1180 784 1319 842 quasi
1343 780 1478 828 illam
1497 799 1699 830 manum

204 837 461 881 tractatori
496 842 861 898 praestitisset?
932 842 993 888 In
1025 847 1277 908 integrum
1302 852 1523 896 restituit
1555 851 1698 913 quid-

204 900 325 961 quid
351 911 629 960 erraverat3
665 907 883 955 confecit
907 909 1096 957 bellum
1121 916 1324 961 inermis
1341 932 1399 962 ac
1417 933 1620 965 mancus
1644 925 1697 965 et

202 966 290 1013 illa
312 983 465 1016 manu
488 976 666 1019 trunca
689 990 833 1037 reges
857 976 982 1023 duos
1007 982 1138 1026 vicit.
1210 980 1359 1029 VALE.

842 1346 1051 1401 LXVII.

540 1511 734 1561 Sannoi
771 1515 971 1564 chnao
1005 1535 1090 1566 svo
1125 1536 1343 1571 sALVTEM

147 1652 170 1702 1
281 1656 349 1703 Vt
383 1675 413 1704 a
448 1661 794 1709 communibus
827 1666 1029 1711 initium
1064 1665 1258 1727 faciam,
1290 1686 1378 1718 ver
1409 1678 1602 1735 aperire
1637 1692 1688 1723 se

195 1728 377 1786 coepit,
403 1726 492 1772 sed
523 1730 622 1773 iam
654 1729 949 1778 inclinatum
972 1735 1025 1779 in
1052 1741 1314 1795 aestatem,
1339 1754 1438 1801 quo
1463 1747 1689 1805 tempore

195 1791 357 1838 calere
404 1793 640 1852 debebat,
686 1799 908 1860 intepuit
953 1815 1049 1847 nec
1093 1801 1260 1850 adhuc
1306 1804 1379 1851 illi
1425 1806 1548 1855 fides
1596 1817 1685 1858 est.

195 1857 356 1921 Saepe
389 1864 524 1907 enim
555 1864 608 1908 in
640 1862 859 1911 hiemem
892 1867 1174 1916 revolvitur.
1248 1870 1334 1919 Vis
1366 1877 1507 1932 scire,
1539 1892 1688 1939 quam

194 1925 402 1973 dubium
433 1928 598 1975 adhuc
629 1931 730 1977 sit?
800 1932 1036 1980 Nondum
1068 1952 1151 1983 me
1183 1942 1444 1987 committo
1478 1942 1687 2006 frigidae

194 2008 355 2051 verae,
404 1995 568 2042 adhuc
615 2000 832 2060 rigorem
879 2003 987 2048 eius
1034 2002 1265 2067 infringo.
1351 2007 1514 2055 “Hoc
1560 2012 1685 2070 est,’'

191 2062 373 2123 inquis,
392 2067 424 2089 “
439 2079 533 2109 nec
558 2063 775 2111 calidum
798 2083 893 2113 nec
917 2067 1153 2132 frigidum
1178 2073 1330 2134 pati.''
1403 2074 1483 2123 Ita
1506 2084 1600 2136 est,
1618 2083 1686 2126 mi

195 2127 383 2186 Lucili3
419 2133 518 2176 iam
542 2137 680 2179 aetas
703 2149 816 2180 mea
839 2141 1080 2184 contenta
1103 2144 1182 2186 est
1208 2155 1297 2186 suo
1322 2140 1517 2205 frigore.
1594 2145 1684 2193 Vix

257 2253 277 2271 α
304 2244 348 2286 Α
382 2259 479 2288 rare
507 2248 942 2293 word—sometimes
976 2254 1146 2306 spelled
1177 2257 1587 2307 malaciam—used
1624 2262 1685 2318 by

192 2298 373 2341 Plautus
404 2301 578 2354 (Bacch.
613 2305 682 2357 73)
715 2304 806 2346 and
836 2305 1070 2357 Laberius,
1106 2309 1188 2351 but
1217 2315 1298 2353 not
1327 2314 1373 2353 in
1405 2327 1434 2355 a
1463 2315 1681 2359 technical

190 2365 333 2396 sense.

257 2409 273 2433 ὃ
303 2407 532 2450 Porsenna
550 2410 641 2451 and
659 2410 747 2452 Tar
779 2414 869 2456 uin.

257 2469 274 2488 ⁰
300 2461 386 2504 See
399 2462 706 2506 Introduction
720 2469 735 2519 (
784 2467 840 2509 ol.
859 2467 894 2510 1.
911 2481 955 2522 p.
966 2468 1029 2521 x),
1042 2470 1134 2512 and
1147 2471 1225 2514 the
1239 2476 1437 2529 opening
1448 2480 1680 2520 sentences

189 2515 240 2556 of
258 2515 373 2570 Epp.
397 2516 565 2564 lxxvii,
587 2518 784 2568 lxxxvii„
805 2521 895 2562 and
915 2522 1079 2567 others,

189 2586 254 2628 34
