1702 2918
432 133 578 180 THE
614 133 935 182 EPISTLES
972 134 1063 182 OF
1097 133 1363 183 SENECA

152 241 331 289 beatae
362 245 496 290 vitae
532 242 661 289 hanc
692 247 1080 306 persuasionem,
1112 260 1270 291 unum
1301 245 1488 291 bonum
1522 261 1644 302 esse,

64 322 88 325 '⁷
151 323 286 386 quod
317 323 586 370 honestum
619 324 732 371 est?
802 324 933 371 Nam
961 328 1047 388 qui
1078 325 1176 372 alia
1206 325 1336 371 bona
1366 325 1571 383 iudicat,
1595 328 1647 372 in
1697 259 1702 375 l

151 402 382 451 fortunae
428 408 568 452 venit
613 411 936 467 potestatem,
983 405 1135 453 alieni
1180 407 1371 453 arbitrii
1417 406 1506 462 fit;
1563 408 1649 469 qui
1685 396 1702 512 ἐι

153 500 300 531 omne
320 485 506 531 bonum
525 485 738 533 honesto
757 490 1157 550 circumscripsit,
1174 491 1306 534 intra
1324 504 1376 535 se
1396 493 1474 535 est
1492 486 1648 534 felix.¹
1683 445 1702 579 l!

102 569 132 616 2
240 566 342 612 Hic
376 570 566 614 amissis
603 567 772 614 liberis
806 575 1043 626 maestuS,
1077 568 1160 615 hic
1195 568 1436 615 sollicitus
1472 571 1652 630 aegriS,
1699 588 1702 641 Ι

153 646 235 694 hic
258 648 488 710 turpibus
507 655 562 696 et
584 649 800 712 aliquam
819 653 972 712 passis
995 649 1252 696 infamiam
1270 653 1438 697 tristis.
1503 649 1652 695 Illum
1700 662 1702 709 ᾗ

152 729 344 776 videbis
362 730 556 777 alienae
578 734 739 778 uxoris
757 747 925 778 amore
943 734 1165 790 cruciari,
1182 731 1326 778 illum
1344 747 1475 779 suae.
1539 731 1652 778 Non
1699 737 1702 780 1

154 811 318 858 deerit
357 827 507 875 quem
548 812 748 875 repulsa
787 812 1128 876 distorqueat3
1186 819 1336 860 erunt
1375 829 1498 876 quos
1544 816 1652 875 ipse
1699 804 1702 847 l

103 889 132 936 3
155 891 314 939 honor
344 900 508 941 vexet.
583 894 678 940 Illa
708 911 825 941 vero
857 897 1073 941 maxima
1105 910 1167 942 ex
1200 898 1336 942 omni
1369 894 1654 941 mortalium
1700 871 1702 973 Ἰ

154 974 339 1037 populo
394 975 542 1022 turba
586 978 897 1034 miserorum,
944 991 1095 1039 quam
1150 979 1435 1039 expectatio
1482 978 1654 1022 mortis
1695 1012 1702 1037 ,5

155 1060 380 1119 exagitat
414 1056 637 1120 undique
673 1057 971 1120 inpendens.
1045 1056 1184 1104 Nihil
1222 1061 1357 1104 enim
1393 1062 1487 1115 est,
1519 1055 1655 1103 unde
1694 1082 1702 1104 «η

154 1154 256 1184 non
281 1139 471 1186 subeat.
546 1138 725 1202 Itaque
749 1144 807 1186 ut
837 1141 891 1185 in
915 1138 1085 1186 hostili
1114 1142 1319 1203 regione
1343 1138 1656 1185 versantibus
1695 1140 1702 1172 '=

153 1219 254 1266 huc
300 1225 355 1267 et
408 1220 526 1266 illuc
574 1219 1075 1283 circumspiciendum
1122 1226 1200 1268 est
1247 1226 1301 1267 et
1345 1219 1410 1267 ad
1455 1208 1657 1267 omnem
1701 1220 1702 1223 ’

156 1304 423 1364 strepitum
471 1301 856 1365 circumagenda
901 1304 1101 1358 cervix;
1163 1305 1259 1348 nisi
1306 1299 1388 1348 hic
1433 1304 1583 1347 timor
1627 1315 1657 1347 e
1701 1288 1702 1291 Ἴ

157 1389 362 1446 pectore
387 1387 579 1431 eiectus
611 1389 706 1442 est,
738 1383 1102 1446 palpitantibus
1134 1382 1434 1446 praecordiis
1460 1385 1652 1429 vivitur.
1696 1428 1698 1452 :

106 1460 136 1507 4
160 1465 441 1512 Occurrent
459 1469 559 1512 acti
576 1468 630 1512 in
649 1465 854 1513 exilium
872 1470 927 1512 et
945 1465 1134 1513 evoluti
1153 1465 1308 1512 bonis.
1361 1464 1658 1523 Occurrent,
1696 1454 1699 1490 ἶ

157 1546 293 1610 quod
339 1563 499 1610 genus
546 1549 786 1609 egestatis
836 1549 1179 1610 gravissimum
1232 1552 1327 1605 est,
1373 1549 1426 1592 in
1472 1544 1690 1607 divitiis,

157 1633 346 1691 inopes.
420 1628 701 1676 Occurrent
724 1627 951 1691 naufragi
977 1627 1217 1676 similiave
1235 1627 1488 1691 naufragis
1512 1630 1657 1690 passi,

159 1725 283 1772 quos
301 1715 390 1756 aut
413 1709 665 1772 popularis
683 1712 755 1755 ira
771 1715 860 1755 aut
883 1708 1086 1767 invidia,
1105 1712 1438 1772 perniciosum
1456 1711 1657 1772 optimis

160 1790 338 1849 telum,
357 1793 675 1852 inopinantes
700 1806 997 1853 securosque
1018 1790 1215 1837 disiecit
1238 1790 1485 1853 procellae
1504 1805 1658 1847 more,

161 1888 290 1936 quae
308 1875 362 1919 in
379 1875 486 1935 ipsa
505 1875 668 1919 sereni
687 1870 867 1918 fiducia
884 1871 1014 1918 solet
1032 1887 1308 1934 emergere,
1326 1877 1413 1918 aut
1437 1870 1659 1917 fulminis

232 2002 246 2028 1
275 2002 397 2043 intra
423 2015 466 2043 80
494 2006 554 2042 est
604 2001 684 2042 elix
711 2000 897 2050 Hense;
932 2001 1055 2042 intra
1080 2013 1124 2042 u
1140 1999 1257 2054 felix
1288 1998 1431 2049 VPb;
1466 1998 1588 2040 intra
1618 2011 1661 2039 σε

157 2056 270 2112 felix
288 2061 348 2098 est
366 2055 480 2097 later
499 2054 546 2096 M
585 2054 630 2098 S.

233 2221 254 2240 ‘²
282 2212 326 2253 A
358 2211 559 2253 doctrine
595 2210 722 2252 often
752 2209 993 2264 expressed
1029 2210 1075 2250 in
1112 2208 1191 2251 the
1228 2208 1436 2258 Letters;
1483 2207 1559 2262 of„
1594 2206 1662 2248 for

167 2281 297 2309 exam
332 2266 388 2312 le,
410 2265 512 2307 lxxi,
536 2267 574 2306 4.

236 2322 253 2347 ὃ
282 2321 350 2416 Ff.
379 2319 572 2365 Horace,
598 2318 742 2360 Cam.
768 2319 824 2359 iii.
853 2321 915 2359 16.
940 2320 993 2359 28
1011 2330 1195 2371 maynas
1212 2317 1326 2358 inter
1344 2330 1443 2370 opes
1460 2315 1600 2369 inops.

237 2382 254 2402 ⁶
320 2387 370 2415 or
387 2373 465 2415 the
485 2386 609 2414 same
628 2372 825 2426 thought
844 2372 900 2426 cf.
925 2371 1012 2426 Ep.
1037 2373 1094 2413 iv,
1120 2374 1143 2412 7
1164 2370 1391 2411 Neminem
1409 2384 1455 2411 eo
1472 2370 1663 2424 fortuna

165 2428 380 2486 provere-it,
401 2432 451 2468 ut
474 2441 563 2468 non
590 2432 762 2468 tantum
786 2427 854 2467 illi
877 2426 1136 2472 minaretur,
1157 2430 1368 2479 quantum
1389 2424 1658 2478 permiserat.

171 2483 280 2526 Noli
308 2482 405 2523 huic
434 2487 506 2523 tra
564 2480 748 2522 uillitati
775 2481 985 2543 confidere
1001 2495 1016 2524 .·
1054 2484 1266 2521 momento
1292 2492 1415 2520 maro
1442 2477 1659 2519 evertitur.

168 2538 340 2579 Eodem
358 2536 426 2577 dio
444 2495 732 2577 ubffuserunt
749 2534 942 2588 numia,
963 2533 1203 2577 sorbentur.

179 2608 273 2651 114
