1702 2918
476 171 623 219 THE
658 172 979 220 EPISTLES
1015 172 1106 220 OF
1140 172 1406 220 SENECA

195 278 471 325 dolentiam
501 279 708 341 potest?
777 278 990 327 Animus
1022 285 1220 326 constat
1251 280 1344 326 sibi
1377 285 1430 327 et
1462 279 1685 342 placidus

196 366 302 416 est3
338 359 459 422 quid
493 360 733 407 accedere
768 360 832 407 ad
867 360 996 407 hanc
1030 360 1447 424 tranquillitatem
1482 360 1685 423 potest?

113 442 174 487 46
198 439 635 499 Quemadmodum
669 444 910 489 serenitas
943 441 1067 488 caeli
1102 457 1204 488 non
1237 444 1417 504 recipit
1449 444 1683 489 maiorem

195 522 359 569 adhuc
384 522 665 570 claritatem
689 526 741 569 in
760 526 1145 570 sincerissimum
1163 526 1380 570 nitorem
1403 529 1682 585 repurgata,

196 607 265 650 sic
305 603 521 651 hominis
562 621 738 667 corpus
778 608 1101 668 animumque
1142 607 1360 652 curantis
1402 610 1456 651 et
1500 604 1684 650 bonum

197 701 340 732 suum
382 702 445 732 ex
480 692 693 749 utroque
734 689 986 733 nectentis
1026 685 1280 749 perfectus
1321 691 1400 733 est
1440 692 1598 732 status
1635 691 1688 732 et

198 782 442 813 summam
466 770 570 814 voti
594 770 669 813 sui
692 770 904 824 invenit,
929 770 969 813 si
992 783 1087 814 nec
1111 773 1278 814 aestus
1302 770 1468 814 animo
1493 773 1570 814 est
1593 782 1688 814 nec

198 847 339 895 dolor
362 852 567 911 corpori.
641 847 693 896 Si
717 864 815 911 qua
835 855 976 895 extra
998 848 1345 896 blandimenta
1369 852 1688 911 contingunt,

195 946 299 976 non
329 935 521 992 augent
551 946 799 976 summum
831 930 1036 987 bonum,
1061 929 1151 977 sed
1175 936 1234 977 ut
1266 933 1338 976 ita
1368 929 1548 989 dicam,
1573 946 1687 976 con-

197 1011 345 1058 diunt
369 1017 423 1058 et
446 1011 718 1059 oblectant.
798 1011 1102 1058 Absolutum
1127 1014 1260 1058 enim
1286 1011 1412 1059 illud
1440 1011 1687 1058 humanae

197 1099 405 1140 naturae
446 1093 635 1140 bonum
677 1096 893 1156 corporis
935 1099 988 1140 et
1027 1096 1180 1140 animi
1230 1109 1351 1156 pace
1392 1099 1685 1140 contentum

114 1182 174 1231 47
199 1181 289 1222 est.
363 1174 508 1222 Dabo
526 1174 659 1238 apud
679 1175 950 1238 Epicurum
969 1175 1063 1222 tibi
1082 1178 1370 1223 etiamnunc
1387 1175 1688 1222 simillimam

199 1255 315 1303 huic
349 1262 550 1303 nostrae
586 1256 880 1304 divisionem
921 1256 1177 1303 bonorum.
1251 1255 1367 1302 Alia
1401 1259 1537 1304 enim
1571 1261 1689 1303 sunt

198 1336 332 1400 apud
366 1337 526 1396 illum,
561 1354 690 1400 quae
726 1337 869 1384 malit
905 1341 1199 1400 contingere
1234 1337 1346 1396 sibi,
1381 1343 1440 1384 ut
1474 1341 1688 1401 corporis

197 1422 422 1483 quietem
445 1420 509 1466 ab
531 1423 668 1465 omni
693 1419 1007 1466 incommodo
1032 1419 1240 1467 liberam
1265 1426 1320 1467 et
1341 1423 1494 1466 animi
1518 1423 1688 1467 remis-

197 1503 405 1548 sionem·
422 1501 667 1548 bonorum
702 1517 901 1548 suorum
937 1501 1365 1563 contemplatione
1405 1500 1686 1564 gaudentis.

198 1582 312 1629 Alia
343 1589 477 1641 sunt,
508 1599 636 1646 quae
672 1585 895 1646 quamvis
930 1581 1059 1629 nolit
1093 1581 1336 1640 accidere,
1365 1578 1689 1630 nihilominus

198 1663 370 1711 laudat
411 1671 466 1711 et
512 1664 803 1727 conprobat,
843 1670 1100 1727 tamquam
1146 1662 1300 1722 illam,
1346 1679 1495 1727 quam
1541 1663 1690 1727 paulo

196 1753 315 1793 ante
340 1746 585 1803 dicebam,
609 1746 771 1792 malae
795 1745 1097 1793 valetudinis
1128 1751 1182 1792 et
1213 1744 1441 1792 dolorum
1463 1749 1690 1808 gravissi-

196 1844 390 1874 morum
447 1831 837 1891 perpessionem,
883 1830 936 1873 in
994 1843 1093 1890 qua
1150 1826 1394 1889 Epicurus
1448 1826 1546 1873 fuit
1602 1827 1691 1874 illo

197 1925 389 1956 summo
435 1926 494 1956 ac
539 1907 932 1956 fortunatissimo
979 1907 1063 1956 die
1110 1923 1213 1956 suo.
1319 1908 1409 1955 Ait
1455 1912 1590 1955 enim
1636 1925 1690 1956 se

197 1994 390 2038 vesicae
455 1997 509 2038 et
572 1990 844 2037 exulcerati
909 1992 1097 2037 ventris
1161 1995 1414 2037 tormenta
1475 1990 1689 2037 tolerare

199 2072 486 2119 ulteriorem
522 2071 706 2119 doloris
740 2074 1077 2119 accessionem
1110 2087 1214 2118 non
1245 2074 1556 2134 recipientia,
1582 2087 1689 2118 esse

196 2153 518 2200 nihilominus
543 2153 636 2200 sibi
659 2152 803 2199 illum
831 2153 1036 2200 beatum
1061 2152 1208 2199 diem.
1284 2151 1497 2199 Beatum
1519 2159 1690 2201 autem

197 2251 363 2298 agere,
389 2238 483 2282 nisi
506 2238 592 2298 qui
617 2240 696 2282 est
719 2237 772 2281 in
797 2250 991 2281 summo
1016 2234 1165 2292 bono,
1188 2223 1290 2280 non
1314 2239 1496 2296 potest.

110 2328 175 2375 48
279 2318 413 2379 Ergo
455 2323 509 2364 et
553 2316 688 2379 apud
728 2316 1000 2379 Epicurum
1041 2321 1158 2362 sunt
1204 2315 1328 2362 haec
1368 2315 1514 2374 bona,
1562 2332 1690 2379 quae

196 2398 369 2445 malles
399 2414 503 2445 non
534 2400 764 2460 experiri,
788 2396 878 2445 sed
900 2401 1017 2461 quia
1047 2400 1120 2443 ita
1149 2413 1228 2444 res
1257 2396 1395 2456 tulit,
1419 2403 1474 2444 et
1501 2398 1689 2460 ample-

261 2523 284 2544 ·
311 2515 442 2569 Frag.
466 2518 545 2556 449
567 2515 757 2558 Usener.
1085 2515 1103 2542 ὓ
1132 2514 1263 2568 Frag.
1290 2517 1367 2556 188
1387 2513 1578 2558 Usener.

731 2575 748 2596 ⁰
775 2568 862 2612 See
881 2567 1039 2617 above,
1060 2570 1163 2619 547.

197 2642 262 2685 30
