1702 2918
447 121 595 169 THE
630 123 955 175 EPISTLES
991 127 1084 175 OF
1118 126 1388 176 SENECA

167 228 359 276 mundo
393 235 618 294 coeperit
644 251 709 280 an
739 239 894 283 etiam
927 243 1050 285 ante
1084 238 1331 285 mundum
1366 241 1479 302 quia
1517 237 1696 287 fuerit!

83 311 146 359 34
168 312 375 376 aliquid,
395 314 549 364 fuerit
567 323 622 366 et
639 323 855 383 tempus.
931 320 1330 371 Innumerabiles
1348 326 1671 387 quaestiones
1686 373 1695 393 1-

168 403 288 445 sunt
322 397 388 447 de
422 403 590 448 animo
624 407 856 453 tantum:
894 405 1030 454 unde
1061 410 1143 465 sit,
1167 406 1328 471 qualis
1362 411 1446 466 sit,
1469 407 1671 472 quando

168 497 277 530 esse
312 485 538 548 incipiat,
566 487 806 551 quamdiu
841 492 908 537 sit
925 506 939 547 ;
983 490 1189 539 aliunde
1223 491 1323 539 alio
1358 497 1582 539 transeat
1615 496 1672 540 et

166 565 421 616 domicilia
450 577 618 619 mutet
648 575 701 619 in
718 572 735 603 ¹
760 573 882 621 alias
913 575 1205 623 animalium
1237 575 1420 623 formas
1448 576 1671 640 aliasque

166 655 442 712 coniectus,
482 671 548 702 an
588 672 690 703 non
731 658 946 722 amplius
987 676 1139 724 quam
1181 661 1338 709 semel
1386 664 1569 709 serviat
1615 666 1671 710 et

165 739 374 784 emissus
411 746 622 804 vagetur
655 744 710 789 in
743 748 885 801 toto;
943 750 1114 792 utrum
1153 762 1331 809 corpus
1366 749 1434 794 sit
1467 762 1533 793 an
1566 740 1671 797 non

163 823 262 878 sit;
313 823 436 886 quid
476 828 543 873 sit
577 825 817 887 facturus,
852 845 967 876 cum
1009 846 1101 893 per
1139 846 1232 878 nos
1272 830 1463 894 aliquid
1505 830 1689 899 facere¹

164 905 390 967 desierit,
421 910 674 973 quomodo
707 911 944 961 libertate
979 930 1070 962 sua
1103 931 1298 974 usurus,
1327 931 1442 962 cum
1477 931 1540 963 ex
1575 914 1671 963 hae

163 990 400 1055 effugerit
439 1009 620 1053 cavea3
672 1012 735 1043 an
778 997 1101 1047 obliviscatur
1141 1003 1360 1063 priorum
1397 1005 1452 1048 et
1493 995 1671 1047 illinc²

163 1091 310 1124 nosse
343 1093 397 1125 se
430 1081 657 1143 incipiat,
682 1080 819 1130 unde
854 1085 1048 1147 corpori
1082 1083 1332 1132 abductus
1367 1087 1420 1132 in
1455 1076 1671 1146 sublimes

164 1165 384 1210 secessit.

77 1247 141 1295 35
249 1244 635 1313 Quamcumque
675 1256 871 1313 partem
906 1267 1071 1299 rerum
1111 1251 1441 1301 humanarum
1476 1253 1669 1302 divinan-

163 1346 376 1395 rumque
401 1333 774 1396 conprenderis,
793 1337 991 1399 ingenti
1017 1339 1161 1400 copia
1183 1337 1587 1402 quaerendorum
1609 1343 1670 1387 ae

162 1414 516 1465 discendorum
574 1417 880 1483 fatigaberis.
979 1421 1125 1470 Haec
1181 1428 1286 1470 tam
1339 1422 1516 1483 multa,
1562 1429 1681 1495 ἴδῃ

162 1516 346 1564 magna
380 1507 440 1549 ut
474 1500 662 1551 habere
698 1507 892 1567 possint
927 1504 1143 1554 liberum
1178 1505 1471 1570 hospitium,
1495 1522 1669 1571 supero

162 1601 318 1632 vacua
341 1602 403 1633 ex
427 1590 596 1634 animo
620 1587 849 1635 tollenda
875 1595 1008 1636 sunt.
1083 1590 1199 1637 Non
1227 1590 1371 1638 dabit
1399 1606 1453 1639 se
1487 1594 1540 1639 in
1578 1590 1669 1643 ha·

159 1673 419 1733 angustias
443 1674 631 1728 virtus;
666 1671 834 1719 laxum
853 1676 1071 1737 spatium
1096 1689 1175 1723 res
1192 1690 1377 1739 magna
1394 1662 1664 1743 desiderat}

162 1754 497 1819 Expellantur
520 1760 704 1816 omnia,
729 1763 894 1805 totum
919 1764 1098 1822 pectus
1122 1758 1195 1806 illi
1221 1766 1378 1809 vacet.

74 1848 137 1894 36
246 1839 367 1887 “At
412 1843 550 1888 enim
595 1840 822 1890 delectat
867 1846 1052 1891 artium
1103 1848 1286 1893 notitia
1342 1842 1662 1895 multarum'?

160 1924 380 1972 Tantum
415 1929 587 1990 itaque
624 1943 687 1975 ex
721 1926 821 1975 illis
856 1931 1180 1988 retineamus,
1210 1936 1455 1994 quantum
1491 1944 1664 1979 neces-

158 2012 341 2057 sarium
383 2015 475 2057 est.
572 2010 656 2057 An
701 2016 759 2059 tu
808 2014 1063 2060 existimas
1109 2013 1537 2077 reprendendum,
1577 2015 1664 2079 qui

158 2110 464 2157 supervacua
511 2094 682 2143 usibus
729 2102 969 2159 conparat
1015 2102 1070 2146 et
1121 2087 1450 2161 pretiosarum
1497 2114 1660 2148 rerum

158 2194 395 2243 pompam
442 2182 494 2226 in
541 2178 691 2227 domo
742 2179 980 2243 explicat,
1027 2197 1131 2228 non
1188 2187 1337 2246 putas
1395 2199 1528 2242 eum,
1574 2185 1660 2247 qui

157 2268 430 2326 occupatus
458 2269 538 2311 est
565 2267 617 2310 in
650 2280 958 2327 supervacua
988 2264 1272 2313 litterarum
1306 2265 1660 2329 supellectile?

159 2346 276 2394 Plus
300 2349 426 2395 scire
451 2346 583 2395 velle
608 2363 758 2412 quam
786 2351 852 2396 sit
883 2352 1020 2408 satis,
1044 2353 1467 2415 intemperantiae
1498 2365 1657 2416 genu!

660 2468 674 2494 ¹
702 2469 752 2510 in
770 2468 930 2519 Koch;
958 2470 1020 2512 ad
1037 2470 1170 2514 MSS.

428 2521 448 2549 ¹
474 2522 596 2565 illim
615 2522 802 2572 Hensez
830 2524 901 2566 illi
918 2524 1026 2579 (ille)
1045 2525 1173 2580 (illio)
1189 2540 1243 2568 no
1262 2525 1393 2570 MSS.

158 2591 259 2640 370
