1702 2918
441 155 587 201 THE
624 152 946 202 EPISTLES
984 152 1074 200 OF
1111 152 1376 201 SENECA

104 265 127 269 ‘⁷
157 264 393 312 medicus.
479 263 620 310 Circa
664 264 816 311 verba
861 269 1133 326 occupatus
1179 263 1269 310 es?
1354 261 1652 309 Iamdudum

156 338 338 401 gaude,
358 341 399 385 si
423 338 601 385 sufficis
626 338 787 384 rebus.
861 336 1095 396 Quando,
1118 353 1247 400 quae
1271 336 1433 383 multa
1456 336 1654 383 disces?

157 410 390 470 Quando,
415 428 544 475 quae
581 411 831 470 didiceris,
863 410 1052 475 adfiges
1086 411 1180 458 tibi
1215 414 1302 468 ita,
1328 416 1386 457 ut
1421 409 1653 457 excidere

156 501 258 532 non
293 486 522 548 possint?
593 484 810 542 Quando
851 484 937 531 illa
972 485 1276 548 experieris?
1350 484 1464 530 Non
1500 486 1635 530 enim

157 565 216 606 ut
256 565 441 618 cetera,
480 562 751 606 memoriae
792 558 1056 606 tradidisse
1097 561 1216 606 satis
1258 564 1367 614 est;
1407 561 1461 604 in
1500 573 1653 620 opere

157 634 457 696 temptanda
491 639 622 680 sunt.
696 632 812 680 Non
848 639 927 680 est
963 633 1156 691 beatuS,
1185 635 1272 695 qui
1306 635 1401 679 scit
1434 630 1536 689 illa,
1565 631 1653 678 sed

105 720 134 767 8
158 711 244 771 qui
279 706 436 754 facit.1
507 706 690 766 “Quid
726 708 882 770 ergo?
953 705 1089 753 Infra
1122 705 1266 753 illum
1302 705 1428 752 nulli
1470 704 1652 769 gradus

159 782 311 828 sunt?
381 780 566 829 Statim
596 798 627 828 a
658 783 904 844 sapientia
934 796 1173 844 praeceps
1206 779 1363 828 est?’'
1437 779 1569 838 Non,
1598 785 1654 826 ut

159 859 403 903 existimo.
499 855 630 902 Nam
687 859 774 919 qui
831 854 1043 917 proficit,
1090 857 1144 901 in
1195 869 1404 901 numero
1449 853 1654 917 quidem

159 929 427 976 stultorum
460 935 554 987 est,
578 945 762 992 magno
794 934 966 976 tamen
998 927 1262 975 intervallo
1293 928 1356 974 ab
1388 927 1486 974 illis
1510 927 1654 974 didu-

159 1007 300 1051 citur.
376 1003 518 1051 Inter
550 1007 682 1066 ipsos
721 1019 920 1067 quoque
962 1001 1279 1065 proficientes
1315 1008 1434 1049 sunt
1474 1017 1655 1064 magna

159 1078 456 1125 discrimina.
530 1077 592 1124 In
638 1083 740 1124 tres
787 1077 984 1135 classes,
1024 1082 1082 1123 ut
1128 1075 1426 1140 quibusdam
1472 1075 1655 1138 placet,
1694 1095 1702 1110 ι’

109 1157 137 1204 9
161 1151 485 1199 dividuntur:
543 1154 690 1214 primi
748 1157 882 1208 sunt,
930 1154 1016 1214 qui
1074 1153 1374 1212 sapientiam
1429 1149 1655 1196 nondum
1699 1197 1702 1205 Ι

161 1225 367 1285 habent,
392 1225 481 1272 sed
506 1228 605 1271 iam
628 1228 682 1270 in
706 1227 885 1271 vicinia
910 1227 1016 1272 eius
1040 1227 1390 1271 constiterunt.
1464 1222 1655 1270 Tamen
1696 1222 1702 1258 ff

160 1303 312 1346 etiam
359 1299 495 1363 quod
546 1315 701 1361 prope
754 1305 848 1357 est,
896 1297 1073 1346 extra2
1120 1303 1210 1345 est.
1307 1296 1408 1356 Qui
1455 1300 1557 1344 sint
1603 1296 1655 1343 hi
1696 1314 1702 1360 ;

159 1375 393 1437 quaeris?
460 1373 562 1432 Qui
581 1389 754 1420 omnes
773 1375 869 1419 iam
889 1371 1118 1419 adfectus
1142 1388 1200 1418 ac
1219 1375 1341 1419 vitia
1364 1377 1655 1434 posuerunt,

159 1464 287 1511 quae
313 1453 457 1495 erant
489 1446 888 1509 complec*enda,
912 1445 1215 1503 didicerunt,
1239 1445 1330 1494 sed
1362 1445 1460 1492 illis
1491 1444 1656 1492 adhuc

158 1525 422 1584 inexperta
454 1521 635 1568 fiducia
667 1527 757 1568 est.
832 1520 1027 1567 Bonum
1058 1536 1205 1567 suum
1237 1519 1462 1567 nondum
1485 1522 1538 1565 in
1562 1535 1654 1566 usu

160 1595 367 1654 habent,
402 1599 499 1642 iam
536 1601 709 1642 tamen
742 1598 796 1641 in
830 1594 932 1653 illa,
967 1610 1094 1658 quae
1130 1593 1389 1657 fugerunt,
1421 1593 1654 1641 decidere
1699 1611 1702 1663 ἑ

159 1686 261 1716 non
309 1676 528 1733 possunt.
617 1669 722 1715 Iam
769 1669 839 1716 ibi
885 1675 1015 1728 sunt,
1066 1668 1202 1715 unde
1247 1684 1350 1714 non
1397 1673 1476 1715 est
1521 1673 1656 1715 retro
1696 1682 1702 1734 ᾗ

160 1744 343 1807 lapsus,
371 1744 461 1791 sed
495 1743 591 1790 hoc
625 1743 723 1790 illis
758 1742 823 1789 de
859 1759 912 1790 se
947 1742 1172 1789 nondum
1207 1742 1398 1805 liquet3
1433 1741 1568 1804 quod
1602 1745 1655 1788 in

161 1818 377 1882 quadam
422 1817 638 1880 epistula
688 1820 938 1880 scripsisse
984 1833 1066 1863 me
1113 1819 1336 1874 memini,
1383 1818 1555 1863 “scire
1602 1831 1655 1862 se
1697 1860 1702 1867 ⁴

161 1891 442 1940 nesciunt.”
515 1891 622 1938 Iam
651 1894 865 1954 contigit
896 1891 994 1938 illis
1024 1891 1156 1937 bono
1179 1906 1268 1937 suo
1292 1889 1406 1949 frui,
1430 1889 1655 1936 nondum
1688 1876 1702 1950 j

80 1968 139 2016 10
163 1966 425 2014 confidere.
498 1965 716 2024 Quidam
745 1965 840 2011 hoc
869 1965 1235 2028 proficientium
1267 1980 1442 2026 genus,
1467 1963 1532 2010 de
1556 1979 1655 2026 quo
1693 1954 1702 1991 ¹·

162 2040 358 2088 locutus
394 2056 520 2098 sum,
548 2043 620 2086 ita
654 2039 1074 2101 complectuntur,
1105 2044 1164 2085 ut
1197 2037 1308 2084 illos
1344 2037 1516 2085 dicant
1557 2040 1653 2082 iam

163 2114 396 2177 effugisse
430 2114 626 2161 morbos
660 2116 830 2171 animi,
865 2112 1091 2159 adfectus
1126 2111 1366 2170 nondum,
1403 2117 1458 2159 et
1491 2110 1654 2158 adhuc
1700 2154 1702 2157 .

487 2240 501 2265 1
530 2240 605 2294 qui
614 2239 730 2292 facit
749 2238 862 2279 later
882 2236 1009 2280 MSS.
1033 2254 1045 2286 ;
1064 2237 1183 2292 facit
1202 2236 1329 2279 VPb.

419 2294 438 2320 ²
464 2299 585 2336 extra
603 2293 716 2334 later
736 2291 863 2334 MSS.
887 2308 899 2341 ς
928 2306 977 2333 ex
995 2306 1075 2333 ora
1093 2291 1236 2346 (hora)
1256 2290 1383 2333 VPb.

231 2450 252 2470 ⁶
279 2441 572 2496 Chrysippus,
611 2441 831 2489 however,
870 2439 1133 2495 recognized
1168 2439 1276 2492 only
1312 2438 1392 2480 the
1432 2437 1532 2479 first
1566 2440 1655 2479 two

166 2496 347 2546 classes,
368 2510 418 2538 as
438 2496 515 2537 did
535 2496 768 2550 Epictetus
789 2495 862 2549 (iv.
886 2495 943 2549 2).

232 2553 250 2579 δ
275 2551 364 2606 Ep.
386 2550 490 2593 lxxi.
513 2553 553 2592 4.

173 2622 267 2664 140
