<?xml version="1.0" encoding="UTF-8"?>
<!DOCTYPE html PUBLIC "-//W3C//DTD XHTML 1.0 Transitional//EN"
    "http://www.w3.org/TR/xhtml1/DTD/xhtml1-transitional.dtd">
<html xmlns="http://www.w3.org/1999/xhtml" xml:lang="en" lang="en">
 <head>
  <title>
</title>
<meta http-equiv="Content-Type" content="text/html;charset=utf-8" />
  <meta name='ocr-system' content='tesseract 3.04.00' />
  <meta name='ocr-capabilities' content='ocr_page ocr_carea ocr_par ocr_line ocrx_word'/>
</head>
<body>
  <div class='ocr_page' id='page_1' title='image "adluciliumepistu02seneuoft_0034.png"; bbox 0 0 1702 2918; ppageno 0'>
   <div class='ocr_carea' id='block_1_1' title="bbox 1664 0 1702 888">
    <p class='ocr_par' dir='ltr' id='par_1_1' title="bbox 1664 0 1702 888">
     <span class='ocr_line' id='line_1_1' title="bbox 1690 0 1702 448; baseline 0 0"><span class='ocrx_word' id='word_1_1' title='bbox 1690 0 1702 448; x_wconf 95' lang='lat' dir='ltr'><strong>   </strong></span> 
     </span>
     <span class='ocr_line' id='line_1_2' title="bbox 1664 448 1702 888; baseline 0 -390"><span class='ocrx_word' id='word_1_2' title='bbox 1664 448 1702 888; x_wconf 95' lang='lat' dir='ltr'><strong>     </strong></span> 
     </span>
    </p>
   </div>
   <div class='ocr_carea' id='block_1_2' title="bbox 479 154 1412 202">
    <p class='ocr_par' dir='ltr' id='par_1_2' title="bbox 479 154 1412 202">
     <span class='ocr_line' id='line_1_3' title="bbox 479 154 1412 202; baseline -0.001 0"><span class='ocrx_word' id='word_1_3' title='bbox 479 155 627 202; x_wconf 92' lang='lat' dir='ltr'><strong>THE</strong></span> <span class='ocrx_word' id='word_1_4' title='bbox 663 154 984 202; x_wconf 90' lang='lat' dir='ltr'>EPISTLES</span> <span class='ocrx_word' id='word_1_5' title='bbox 1020 154 1111 202; x_wconf 89' lang='lat' dir='ltr'><strong>OF</strong></span> <span class='ocrx_word' id='word_1_6' title='bbox 1146 154 1412 202; x_wconf 91' lang='lat' dir='ltr'>SENECA</span> 
     </span>
    </p>
   </div>
   <div class='ocr_carea' id='block_1_3' title="bbox 113 266 1702 2268">
    <p class='ocr_par' dir='ltr' id='par_1_3' title="bbox 113 266 1702 2268">
     <span class='ocr_line' id='line_1_4' title="bbox 196 266 1690 328; baseline -0.001 -15"><span class='ocrx_word' id='word_1_7' title='bbox 196 268 319 313; x_wconf 88' lang='lat' dir='ltr'><strong>ordo</strong></span> <span class='ocrx_word' id='word_1_8' title='bbox 343 268 596 328; x_wconf 84' lang='lat' dir='ltr'><strong>seriesque</strong></span> <span class='ocrx_word' id='word_1_9' title='bbox 621 267 909 311; x_wconf 84' lang='lat' dir='ltr'><strong>contexitur</strong></span> <span class='ocrx_word' id='word_1_10' title='bbox 939 270 995 310; x_wconf 92' lang='lat' dir='ltr'><strong>et</strong></span> <span class='ocrx_word' id='word_1_11' title='bbox 1026 268 1190 310; x_wconf 86' lang='lat' dir='ltr'><strong>unitas</strong></span> <span class='ocrx_word' id='word_1_12' title='bbox 1216 266 1348 311; x_wconf 88' lang='lat' dir='ltr'><strong>vitae</strong></span> <span class='ocrx_word' id='word_1_13' title='bbox 1380 280 1471 327; x_wconf 89' lang='lat' dir='ltr'><strong>per</strong></span> <span class='ocrx_word' id='word_1_14' title='bbox 1498 272 1690 312; x_wconf 88' lang='lat' dir='ltr'><strong>rectum</strong></span> 
     </span>
     <span class='ocr_line' id='line_1_5' title="bbox 195 352 1696 416; baseline -0.002 -15"><span class='ocrx_word' id='word_1_15' title='bbox 195 357 339 401; x_wconf 87' lang='lat' dir='ltr'><strong>itura.</strong></span> <span class='ocrx_word' id='word_1_16' title='bbox 415 353 560 400; x_wconf 80' lang='lat' dir='ltr'>Ratio</span> <span class='ocrx_word' id='word_1_17' title='bbox 592 369 713 416; x_wconf 87' lang='lat' dir='ltr'><strong>ergo</strong></span> <span class='ocrx_word' id='word_1_18' title='bbox 744 352 929 399; x_wconf 87' lang='lat' dir='ltr'><strong>arbitra</strong></span> <span class='ocrx_word' id='word_1_19' title='bbox 961 358 1040 399; x_wconf 89' lang='lat' dir='ltr'><strong>est</strong></span> <span class='ocrx_word' id='word_1_20' title='bbox 1071 352 1314 398; x_wconf 91' lang='lat' dir='ltr'><strong>bonorum</strong></span> <span class='ocrx_word' id='word_1_21' title='bbox 1338 369 1395 398; x_wconf 89' lang='lat' dir='ltr'><strong>ac</strong></span> <span class='ocrx_word' id='word_1_22' title='bbox 1420 352 1660 399; x_wconf 88' lang='lat' dir='ltr'><strong>malorum</strong></span> <span class='ocrx_word' id='word_1_23' title='bbox 1679 352 1696 379; x_wconf 81' lang='lat'><strong>·&#39;</strong></span> 
     </span>
     <span class='ocr_line' id='line_1_6' title="bbox 196 439 1662 503; baseline 0 -16"><span class='ocrx_word' id='word_1_24' title='bbox 196 441 361 489; x_wconf 88' lang='lat' dir='ltr'><strong>aliena</strong></span> <span class='ocrx_word' id='word_1_25' title='bbox 384 447 439 488; x_wconf 88' lang='lat' dir='ltr'><strong>et</strong></span> <span class='ocrx_word' id='word_1_26' title='bbox 462 447 674 488; x_wconf 87' lang='lat' dir='ltr'><strong>externa</strong></span> <span class='ocrx_word' id='word_1_27' title='bbox 697 457 786 503; x_wconf 94' lang='lat' dir='ltr'><strong>pro</strong></span> <span class='ocrx_word' id='word_1_28' title='bbox 810 439 990 486; x_wconf 89' lang='lat' dir='ltr'><strong>vilibus</strong></span> <span class='ocrx_word' id='word_1_29' title='bbox 1015 439 1172 486; x_wconf 87' lang='lat' dir='ltr'><strong>habet</strong></span> <span class='ocrx_word' id='word_1_30' title='bbox 1196 446 1251 487; x_wconf 88' lang='lat' dir='ltr'><strong>et</strong></span> <span class='ocrx_word' id='word_1_31' title='bbox 1275 456 1350 497; x_wconf 88' lang='lat' dir='ltr'><strong>ea,</strong></span> <span class='ocrx_word' id='word_1_32' title='bbox 1374 456 1503 503; x_wconf 87' lang='lat' dir='ltr'><strong>quae</strong></span> <span class='ocrx_word' id='word_1_33' title='bbox 1527 457 1662 503; x_wconf 89' lang='lat' dir='ltr'>nequ</span> 
     </span>
     <span class='ocr_line' id='line_1_7' title="bbox 196 529 1696 593; baseline -0.001 -17"><span class='ocrx_word' id='word_1_34' title='bbox 196 531 329 577; x_wconf 87' lang='lat' dir='ltr'><strong>bona</strong></span> <span class='ocrx_word' id='word_1_35' title='bbox 351 536 472 576; x_wconf 88' lang='lat' dir='ltr'><strong>sunt</strong></span> <span class='ocrx_word' id='word_1_36' title='bbox 494 545 661 592; x_wconf 90' lang='lat' dir='ltr'><strong>neque</strong></span> <span class='ocrx_word' id='word_1_37' title='bbox 680 529 827 586; x_wconf 89' lang='lat' dir='ltr'><strong>mala,</strong></span> <span class='ocrx_word' id='word_1_38' title='bbox 846 532 1155 575; x_wconf 85' lang='lat' dir='ltr'><strong>accessiones</strong></span> <span class='ocrx_word' id='word_1_39' title='bbox 1175 532 1404 574; x_wconf 86' lang='lat' dir='ltr'><strong>minimas</strong></span> <span class='ocrx_word' id='word_1_40' title='bbox 1423 545 1480 574; x_wconf 89' lang='lat' dir='ltr'><strong>ac</strong></span> <span class='ocrx_word' id='word_1_41' title='bbox 1506 529 1696 593; x_wconf 58' lang='lat' dir='ltr'><strong>levissi7</strong></span> 
     </span>
     <span class='ocr_line' id='line_1_8' title="bbox 197 615 1629 665; baseline -0.001 -2"><span class='ocrx_word' id='word_1_42' title='bbox 197 634 303 663; x_wconf 87' lang='lat' dir='ltr'><strong>mas</strong></span> <span class='ocrx_word' id='word_1_43' title='bbox 327 616 529 665; x_wconf 87' lang='lat' dir='ltr'><strong>iudicat.</strong></span> <span class='ocrx_word' id='word_1_44' title='bbox 604 616 773 663; x_wconf 89' lang='lat' dir='ltr'><strong>Omne</strong></span> <span class='ocrx_word' id='word_1_45' title='bbox 798 619 934 663; x_wconf 88' lang='lat' dir='ltr'><strong>enim</strong></span> <span class='ocrx_word' id='word_1_46' title='bbox 958 615 1033 661; x_wconf 94' lang='lat' dir='ltr'><strong>illi</strong></span> <span class='ocrx_word' id='word_1_47' title='bbox 1058 616 1246 662; x_wconf 90' lang='lat' dir='ltr'><strong>bonum</strong></span> <span class='ocrx_word' id='word_1_48' title='bbox 1270 619 1321 661; x_wconf 92' lang='lat' dir='ltr'><strong>in</strong></span> <span class='ocrx_word' id='word_1_49' title='bbox 1347 619 1514 663; x_wconf 89' lang='lat' dir='ltr'><strong>animo</strong></span> <span class='ocrx_word' id='word_1_50' title='bbox 1539 623 1629 664; x_wconf 91' lang='lat' dir='ltr'><strong>est.</strong></span> 
     </span>
     <span class='ocr_line' id='line_1_9' title="bbox 113 703 1660 768; baseline -0.001 -15"><span class='ocrx_word' id='word_1_51' title='bbox 113 705 175 752; x_wconf 88' lang='lat'><strong>36</strong></span> <span class='ocrx_word' id='word_1_52' title='bbox 282 705 519 753; x_wconf 90' lang='lat' dir='ltr'><strong>Ceterum</strong></span> <span class='ocrx_word' id='word_1_53' title='bbox 543 705 674 751; x_wconf 87' lang='lat' dir='ltr'><strong>bona</strong></span> <span class='ocrx_word' id='word_1_54' title='bbox 697 703 943 767; x_wconf 88' lang='lat' dir='ltr'><strong>quaedam</strong></span> <span class='ocrx_word' id='word_1_55' title='bbox 969 708 1127 766; x_wconf 84' lang='lat' dir='ltr'><strong>prima</strong></span> <span class='ocrx_word' id='word_1_56' title='bbox 1151 707 1420 762; x_wconf 89' lang='lat' dir='ltr'><strong>existimat,</strong></span> <span class='ocrx_word' id='word_1_57' title='bbox 1444 704 1508 751; x_wconf 87' lang='lat' dir='ltr'><strong>ad</strong></span> <span class='ocrx_word' id='word_1_58' title='bbox 1533 721 1660 768; x_wconf 87' lang='lat' dir='ltr'><strong>quae</strong></span> 
     </span>
     <span class='ocr_line' id='line_1_10' title="bbox 197 792 1679 856; baseline -0.001 -15"><span class='ocrx_word' id='word_1_59' title='bbox 197 810 261 842; x_wconf 86' lang='lat' dir='ltr'><strong>ex</strong></span> <span class='ocrx_word' id='word_1_60' title='bbox 284 795 540 856; x_wconf 90' lang='lat' dir='ltr'><strong>proposito</strong></span> <span class='ocrx_word' id='word_1_61' title='bbox 563 795 718 849; x_wconf 92' lang='lat' dir='ltr'><strong>venit,</strong></span> <span class='ocrx_word' id='word_1_62' title='bbox 744 797 1000 854; x_wconf 85' lang='lat' dir='ltr'><strong>tamquam</strong></span> <span class='ocrx_word' id='word_1_63' title='bbox 1025 795 1299 849; x_wconf 88' lang='lat' dir='ltr'><strong>victoriam,</strong></span> <span class='ocrx_word' id='word_1_64' title='bbox 1317 792 1473 838; x_wconf 91' lang='lat' dir='ltr'><strong>bonos</strong></span> <span class='ocrx_word' id='word_1_65' title='bbox 1498 792 1679 840; x_wconf 91' lang='lat' dir='ltr'><strong>liberos</strong></span> 
     </span>
     <span class='ocr_line' id='line_1_11' title="bbox 194 878 1660 943; baseline -0.001 -14"><span class='ocrx_word' id='word_1_66' title='bbox 194 882 413 930; x_wconf 80' lang='lat' dir='ltr'><strong>salutem</strong></span> <span class='ocrx_word' id='word_1_67' title='bbox 477 884 681 943; x_wconf 81' lang='lat' dir='ltr'><strong>patriae.</strong></span> <span class='ocrx_word' id='word_1_68' title='bbox 789 878 1049 936; x_wconf 85' lang='lat' dir='ltr'><strong>Quaedam</strong></span> <span class='ocrx_word' id='word_1_69' title='bbox 1114 879 1349 937; x_wconf 87' lang='lat' dir='ltr'><strong>secunda,</strong></span> <span class='ocrx_word' id='word_1_70' title='bbox 1408 896 1536 943; x_wconf 91' lang='lat' dir='ltr'><strong>quae</strong></span> <span class='ocrx_word' id='word_1_71' title='bbox 1594 897 1660 928; x_wconf 92' lang='lat' dir='ltr'><strong>no</strong></span> 
     </span>
     <span class='ocr_line' id='line_1_12' title="bbox 195 966 1702 1036; baseline -0.001 -20"><span class='ocrx_word' id='word_1_72' title='bbox 195 975 443 1033; x_wconf 81' lang='lat' dir='ltr'><strong>apparent</strong></span> <span class='ocrx_word' id='word_1_73' title='bbox 499 971 594 1014; x_wconf 88' lang='lat' dir='ltr'><strong>nisi</strong></span> <span class='ocrx_word' id='word_1_74' title='bbox 653 971 706 1013; x_wconf 91' lang='lat' dir='ltr'><strong>in</strong></span> <span class='ocrx_word' id='word_1_75' title='bbox 752 967 901 1014; x_wconf 90' lang='lat' dir='ltr'><strong>rebus</strong></span> <span class='ocrx_word' id='word_1_76' title='bbox 953 966 1188 1025; x_wconf 86' lang='lat' dir='ltr'><strong>adversis,</strong></span> <span class='ocrx_word' id='word_1_77' title='bbox 1235 973 1490 1030; x_wconf 91' lang='lat' dir='ltr'><strong>tamquam</strong></span> <span class='ocrx_word' id='word_1_78' title='bbox 1536 975 1702 1036; x_wconf 64' lang='lat' dir='ltr'><strong>aequofl</strong></span> 
     </span>
     <span class='ocr_line' id='line_1_13' title="bbox 197 1051 1702 1119; baseline -0.001 -15"><span class='ocrx_word' id='word_1_79' title='bbox 197 1061 365 1105; x_wconf 90' lang='lat' dir='ltr'><strong>animo</strong></span> <span class='ocrx_word' id='word_1_80' title='bbox 411 1060 516 1119; x_wconf 90' lang='lat' dir='ltr'><strong>pati</strong></span> <span class='ocrx_word' id='word_1_81' title='bbox 557 1057 786 1102; x_wconf 84' lang='lat' dir='ltr'><strong>morbum</strong></span> <span class='ocrx_word' id='word_1_82' title='bbox 826 1071 1083 1117; x_wconf 88' lang='lat' dir='ltr'><strong>magnum,</strong></span> <span class='ocrx_word' id='word_1_83' title='bbox 1125 1055 1344 1102; x_wconf 87' lang='lat' dir='ltr'><strong>exilium.</strong></span> <span class='ocrx_word' id='word_1_84' title='bbox 1435 1051 1702 1114; x_wconf 66' lang='lat' dir='ltr'><strong>Quaedaml</strong></span> 
     </span>
     <span class='ocr_line' id='line_1_14' title="bbox 197 1131 1702 1237; baseline -0.001 -45"><span class='ocrx_word' id='word_1_85' title='bbox 197 1145 381 1204; x_wconf 86' lang='lat' dir='ltr'><strong>media,</strong></span> <span class='ocrx_word' id='word_1_86' title='bbox 416 1160 545 1208; x_wconf 90' lang='lat' dir='ltr'><strong>quae</strong></span> <span class='ocrx_word' id='word_1_87' title='bbox 587 1143 746 1190; x_wconf 89' lang='lat' dir='ltr'><strong>nihilo</strong></span> <span class='ocrx_word' id='word_1_88' title='bbox 787 1147 946 1206; x_wconf 88' lang='lat' dir='ltr'><strong>magis</strong></span> <span class='ocrx_word' id='word_1_89' title='bbox 988 1143 1265 1190; x_wconf 88' lang='lat' dir='ltr'><strong>secundum</strong></span> <span class='ocrx_word' id='word_1_90' title='bbox 1307 1148 1537 1190; x_wconf 88' lang='lat' dir='ltr'><strong>naturam</strong></span> <span class='ocrx_word' id='word_1_91' title='bbox 1578 1131 1702 1237; x_wconf 47' lang='lat' dir='ltr'><strong>sunt}</strong></span> 
     </span>
     <span class='ocr_line' id='line_1_15' title="bbox 198 1229 1702 1306; baseline -0.001 -26"><span class='ocrx_word' id='word_1_92' title='bbox 198 1250 349 1298; x_wconf 86' lang='lat' dir='ltr'><strong>quam</strong></span> <span class='ocrx_word' id='word_1_93' title='bbox 373 1239 547 1279; x_wconf 90' lang='lat' dir='ltr'><strong>contra</strong></span> <span class='ocrx_word' id='word_1_94' title='bbox 570 1238 817 1290; x_wconf 86' lang='lat' dir='ltr'><strong>naturam,</strong></span> <span class='ocrx_word' id='word_1_95' title='bbox 842 1237 1096 1294; x_wconf 85' lang='lat' dir='ltr'><strong>tamquam</strong></span> <span class='ocrx_word' id='word_1_96' title='bbox 1127 1229 1403 1293; x_wconf 86' lang='lat' dir='ltr'><strong>prudenter</strong></span> <span class='ocrx_word' id='word_1_97' title='bbox 1426 1231 1702 1306; x_wconf 53' lang='lat' dir='ltr'><strong>ambulare4</strong></span> 
     </span>
     <span class='ocr_line' id='line_1_16' title="bbox 198 1319 1702 1386; baseline -0.003 -16"><span class='ocrx_word' id='word_1_98' title='bbox 198 1324 459 1386; x_wconf 88' lang='lat' dir='ltr'><strong>conposite</strong></span> <span class='ocrx_word' id='word_1_99' title='bbox 516 1320 707 1368; x_wconf 87' lang='lat' dir='ltr'><strong>sedere.</strong></span> <span class='ocrx_word' id='word_1_100' title='bbox 821 1319 936 1366; x_wconf 92' lang='lat' dir='ltr'><strong>Non</strong></span> <span class='ocrx_word' id='word_1_101' title='bbox 999 1323 1134 1367; x_wconf 90' lang='lat' dir='ltr'><strong>enim</strong></span> <span class='ocrx_word' id='word_1_102' title='bbox 1198 1322 1363 1365; x_wconf 88' lang='lat' dir='ltr'><strong>minus</strong></span> <span class='ocrx_word' id='word_1_103' title='bbox 1421 1319 1702 1383; x_wconf 56' lang='lat' dir='ltr'><strong>secundumg</strong></span> 
     </span>
     <span class='ocr_line' id='line_1_17' title="bbox 113 1385 1702 1506; baseline -0.004 -46"><span class='ocrx_word' id='word_1_104' title='bbox 113 1412 175 1461; x_wconf 83' lang='lat'><strong>37</strong></span> <span class='ocrx_word' id='word_1_105' title='bbox 198 1417 429 1458; x_wconf 86' lang='lat' dir='ltr'><strong>naturam</strong></span> <span class='ocrx_word' id='word_1_106' title='bbox 447 1415 525 1457; x_wconf 91' lang='lat' dir='ltr'><strong>est</strong></span> <span class='ocrx_word' id='word_1_107' title='bbox 540 1408 715 1455; x_wconf 88' lang='lat' dir='ltr'><strong>sedere</strong></span> <span class='ocrx_word' id='word_1_108' title='bbox 734 1423 883 1471; x_wconf 87' lang='lat' dir='ltr'><strong>quam</strong></span> <span class='ocrx_word' id='word_1_109' title='bbox 903 1414 1034 1454; x_wconf 84' lang='lat' dir='ltr'><strong>stare</strong></span> <span class='ocrx_word' id='word_1_110' title='bbox 1049 1413 1137 1453; x_wconf 88' lang='lat' dir='ltr'><strong>aut</strong></span> <span class='ocrx_word' id='word_1_111' title='bbox 1154 1406 1422 1454; x_wconf 89' lang='lat' dir='ltr'><strong>ambulare.</strong></span> <span class='ocrx_word' id='word_1_112' title='bbox 1482 1407 1596 1455; x_wconf 93' lang='lat' dir='ltr'><strong>Duo</strong></span> <span class='ocrx_word' id='word_1_113' title='bbox 1614 1385 1702 1506; x_wconf 53' lang='lat' dir='ltr'><strong>illa!</strong></span> 
     </span>
     <span class='ocr_line' id='line_1_18' title="bbox 198 1494 1702 1581; baseline -0.003 -34"><span class='ocrx_word' id='word_1_114' title='bbox 198 1499 331 1547; x_wconf 88' lang='lat' dir='ltr'><strong>bona</strong></span> <span class='ocrx_word' id='word_1_115' title='bbox 358 1500 611 1560; x_wconf 84' lang='lat' dir='ltr'><strong>superiora</strong></span> <span class='ocrx_word' id='word_1_116' title='bbox 634 1496 828 1543; x_wconf 89' lang='lat' dir='ltr'><strong>diversa</strong></span> <span class='ocrx_word' id='word_1_117' title='bbox 860 1501 990 1542; x_wconf 89' lang='lat' dir='ltr'><strong>sunt.</strong></span> <span class='ocrx_word' id='word_1_118' title='bbox 1067 1494 1229 1541; x_wconf 87' lang='lat' dir='ltr'><strong>Prima</strong></span> <span class='ocrx_word' id='word_1_119' title='bbox 1261 1498 1395 1542; x_wconf 90' lang='lat' dir='ltr'><strong>enim</strong></span> <span class='ocrx_word' id='word_1_120' title='bbox 1420 1495 1702 1581; x_wconf 59' lang='lat' dir='ltr'><strong>secundum·</strong></span> 
     </span>
     <span class='ocr_line' id='line_1_19' title="bbox 198 1583 1667 1647; baseline -0.002 -13"><span class='ocrx_word' id='word_1_121' title='bbox 198 1593 428 1634; x_wconf 85' lang='lat' dir='ltr'><strong>naturam</strong></span> <span class='ocrx_word' id='word_1_122' title='bbox 476 1590 623 1632; x_wconf 90' lang='lat' dir='ltr'><strong>sunt:</strong></span> <span class='ocrx_word' id='word_1_123' title='bbox 672 1583 892 1647; x_wconf 88' lang='lat' dir='ltr'><strong>gaudere</strong></span> <span class='ocrx_word' id='word_1_124' title='bbox 940 1583 1210 1630; x_wconf 90' lang='lat' dir='ltr'><strong>liberorum</strong></span> <span class='ocrx_word' id='word_1_125' title='bbox 1258 1586 1466 1645; x_wconf 85' lang='lat' dir='ltr'><strong>pietate,</strong></span> <span class='ocrx_word' id='word_1_126' title='bbox 1506 1588 1667 1646; x_wconf 85' lang='lat' dir='ltr'><strong>patria</strong></span> 
     </span>
     <span class='ocr_line' id='line_1_20' title="bbox 197 1583 1702 1722; baseline -0.001 0"><span class='ocrx_word' id='word_1_127' title='bbox 197 1674 559 1722; x_wconf 84' lang='lat' dir='ltr'><strong>incolumitate.</strong></span> <span class='ocrx_word' id='word_1_128' title='bbox 633 1671 864 1719; x_wconf 87' lang='lat' dir='ltr'><strong>Secunda</strong></span> <span class='ocrx_word' id='word_1_129' title='bbox 888 1677 1060 1717; x_wconf 84' lang='lat' dir='ltr'><strong>contra</strong></span> <span class='ocrx_word' id='word_1_130' title='bbox 1080 1677 1310 1718; x_wconf 87' lang='lat' dir='ltr'><strong>naturam</strong></span> <span class='ocrx_word' id='word_1_131' title='bbox 1329 1677 1475 1717; x_wconf 88' lang='lat' dir='ltr'><strong>sunt:</strong></span> <span class='ocrx_word' id='word_1_132' title='bbox 1500 1583 1702 1720; x_wconf 51' lang='lat' dir='ltr'><strong>fortitei</strong></span> 
     </span>
     <span class='ocr_line' id='line_1_21' title="bbox 198 1735 1702 1840; baseline -0.001 -31"><span class='ocrx_word' id='word_1_133' title='bbox 198 1768 398 1826; x_wconf 78' lang='lat' dir='ltr'><strong>opstare</strong></span> <span class='ocrx_word' id='word_1_134' title='bbox 446 1763 710 1807; x_wconf 86' lang='lat' dir='ltr'><strong>tormentis</strong></span> <span class='ocrx_word' id='word_1_135' title='bbox 757 1766 811 1807; x_wconf 89' lang='lat' dir='ltr'><strong>et</strong></span> <span class='ocrx_word' id='word_1_136' title='bbox 865 1762 999 1805; x_wconf 87' lang='lat' dir='ltr'><strong>sitim</strong></span> <span class='ocrx_word' id='word_1_137' title='bbox 1053 1762 1251 1821; x_wconf 88' lang='lat' dir='ltr'><strong>perpeti</strong></span> <span class='ocrx_word' id='word_1_138' title='bbox 1298 1760 1470 1806; x_wconf 91' lang='lat' dir='ltr'><strong>morbo</strong></span> <span class='ocrx_word' id='word_1_139' title='bbox 1517 1735 1702 1840; x_wconf 60' lang='lat' dir='ltr'><strong>urentq&#39;</strong></span> 
     </span>
     <span class='ocr_line' id='line_1_22' title="bbox 113 1846 1702 1915; baseline -0.003 -17"><span class='ocrx_word' id='word_1_140' title='bbox 113 1856 175 1903; x_wconf 87' lang='lat'><strong>38</strong></span> <span class='ocrx_word' id='word_1_141' title='bbox 199 1849 500 1915; x_wconf 84' lang='lat' dir='ltr'><strong>praecordia.</strong></span> <span class='ocrx_word' id='word_1_142' title='bbox 576 1846 759 1905; x_wconf 81' lang='lat' dir='ltr'><strong>“Quid</strong></span> <span class='ocrx_word' id='word_1_143' title='bbox 793 1848 952 1910; x_wconf 86' lang='lat' dir='ltr'><strong>ergo?</strong></span> <span class='ocrx_word' id='word_1_144' title='bbox 1023 1846 1231 1910; x_wconf 88' lang='lat' dir='ltr'><strong>Aliquid</strong></span> <span class='ocrx_word' id='word_1_145' title='bbox 1265 1853 1440 1894; x_wconf 83' lang='lat' dir='ltr'><strong>contra</strong></span> <span class='ocrx_word' id='word_1_146' title='bbox 1467 1846 1702 1911; x_wconf 49' lang='lat' dir='ltr'><strong>naturaml</strong></span> 
     </span>
     <span class='ocr_line' id='line_1_23' title="bbox 199 1934 1702 1998; baseline -0.002 -12"><span class='ocrx_word' id='word_1_147' title='bbox 199 1941 387 1986; x_wconf 89' lang='lat' dir='ltr'><strong>bonum</strong></span> <span class='ocrx_word' id='word_1_148' title='bbox 435 1937 551 1984; x_wconf 85' lang='lat' dir='ltr'><strong>est?</strong></span> <span class='ocrx_word' id='word_1_149' title='bbox 571 1936 598 1952; x_wconf 80' lang='lat'><strong>&#39;⁹</strong></span> <span class='ocrx_word' id='word_1_150' title='bbox 653 1937 871 1984; x_wconf 89' lang='lat' dir='ltr'><strong>Minime</strong></span> <span class='ocrx_word' id='word_1_151' title='bbox 894 1951 907 1993; x_wconf 95' lang='lat'>;</span> <span class='ocrx_word' id='word_1_152' title='bbox 961 1935 1052 1983; x_wconf 91' lang='lat' dir='ltr'><strong>sed</strong></span> <span class='ocrx_word' id='word_1_153' title='bbox 1106 1935 1159 1982; x_wconf 90' lang='lat' dir='ltr'><strong>id</strong></span> <span class='ocrx_word' id='word_1_154' title='bbox 1209 1934 1478 1998; x_wconf 86' lang='lat' dir='ltr'><strong>aliquando</strong></span> <span class='ocrx_word' id='word_1_155' title='bbox 1525 1939 1702 1983; x_wconf 74' lang='lat' dir='ltr'><strong>contra!</strong></span> 
     </span>
     <span class='ocr_line' id='line_1_24' title="bbox 197 2000 1702 2087; baseline -0.002 -13"><span class='ocrx_word' id='word_1_156' title='bbox 197 2033 427 2075; x_wconf 86' lang='lat' dir='ltr'><strong>naturam</strong></span> <span class='ocrx_word' id='word_1_157' title='bbox 456 2030 551 2083; x_wconf 91' lang='lat' dir='ltr'><strong>est,</strong></span> <span class='ocrx_word' id='word_1_158' title='bbox 575 2027 628 2070; x_wconf 90' lang='lat' dir='ltr'><strong>in</strong></span> <span class='ocrx_word' id='word_1_159' title='bbox 661 2040 759 2087; x_wconf 93' lang='lat' dir='ltr'><strong>quo</strong></span> <span class='ocrx_word' id='word_1_160' title='bbox 796 2024 983 2070; x_wconf 88' lang='lat' dir='ltr'><strong>bonum</strong></span> <span class='ocrx_word' id='word_1_161' title='bbox 1015 2022 1142 2069; x_wconf 91' lang='lat' dir='ltr'><strong>illud</strong></span> <span class='ocrx_word' id='word_1_162' title='bbox 1175 2026 1360 2070; x_wconf 87' lang='lat' dir='ltr'><strong>existit.</strong></span> <span class='ocrx_word' id='word_1_163' title='bbox 1437 2000 1702 2071; x_wconf 63' lang='lat' dir='ltr'><strong>Vulnerari⁸</strong></span> 
     </span>
     <span class='ocr_line' id='line_1_25' title="bbox 197 2080 1702 2177; baseline -0.003 -14"><span class='ocrx_word' id='word_1_164' title='bbox 197 2120 334 2164; x_wconf 88' lang='lat' dir='ltr'><strong>enim</strong></span> <span class='ocrx_word' id='word_1_165' title='bbox 359 2121 413 2163; x_wconf 87' lang='lat' dir='ltr'><strong>et</strong></span> <span class='ocrx_word' id='word_1_166' title='bbox 437 2114 664 2161; x_wconf 90' lang='lat' dir='ltr'><strong>subiecto</strong></span> <span class='ocrx_word' id='word_1_167' title='bbox 682 2116 802 2175; x_wconf 89' lang='lat' dir='ltr'><strong>igne</strong></span> <span class='ocrx_word' id='word_1_168' title='bbox 819 2112 1080 2160; x_wconf 91' lang='lat' dir='ltr'><strong>tabescere</strong></span> <span class='ocrx_word' id='word_1_169' title='bbox 1105 2118 1159 2160; x_wconf 90' lang='lat' dir='ltr'><strong>et</strong></span> <span class='ocrx_word' id='word_1_170' title='bbox 1183 2111 1389 2159; x_wconf 91' lang='lat' dir='ltr'><strong>adversa</strong></span> <span class='ocrx_word' id='word_1_171' title='bbox 1409 2080 1702 2177; x_wconf 62' lang='lat' dir='ltr'><strong>valetudine:</strong></span> 
     </span>
     <span class='ocr_line' id='line_1_26' title="bbox 195 2200 1702 2268; baseline -0.003 -15"><span class='ocrx_word' id='word_1_172' title='bbox 195 2204 365 2268; x_wconf 82' lang='lat' dir='ltr'><strong>adfligi</strong></span> <span class='ocrx_word' id='word_1_173' title='bbox 411 2209 586 2250; x_wconf 89' lang='lat' dir='ltr'><strong>contra</strong></span> <span class='ocrx_word' id='word_1_174' title='bbox 631 2208 860 2248; x_wconf 87' lang='lat' dir='ltr'><strong>naturam</strong></span> <span class='ocrx_word' id='word_1_175' title='bbox 908 2207 1003 2258; x_wconf 90' lang='lat' dir='ltr'><strong>est,</strong></span> <span class='ocrx_word' id='word_1_176' title='bbox 1046 2200 1135 2247; x_wconf 91' lang='lat' dir='ltr'><strong>sed</strong></span> <span class='ocrx_word' id='word_1_177' title='bbox 1182 2204 1316 2248; x_wconf 88' lang='lat' dir='ltr'><strong>inter</strong></span> <span class='ocrx_word' id='word_1_178' title='bbox 1360 2204 1456 2248; x_wconf 90' lang='lat' dir='ltr'><strong>ista</strong></span> <span class='ocrx_word' id='word_1_179' title='bbox 1503 2206 1702 2251; x_wconf 60' lang='lat' dir='ltr'><strong>servare</strong></span> 
     </span>
    </p>
   </div>
   <div class='ocr_carea' id='block_1_4' title="bbox 108 2275 1702 2466">
    <p class='ocr_par' dir='ltr' id='par_1_4' title="bbox 108 2275 1702 2466">
     <span class='ocr_line' id='line_1_27' title="bbox 108 2275 1702 2353; baseline -0.005 -9"><span class='ocrx_word' id='word_1_180' title='bbox 108 2296 172 2345; x_wconf 84' lang='lat'><strong>39</strong></span> <span class='ocrx_word' id='word_1_181' title='bbox 194 2297 417 2341; x_wconf 83' lang='lat' dir='ltr'><strong>animum</strong></span> <span class='ocrx_word' id='word_1_182' title='bbox 452 2290 820 2353; x_wconf 87' lang='lat' dir='ltr'><strong>infatigabilem</strong></span> <span class='ocrx_word' id='word_1_183' title='bbox 861 2288 1138 2337; x_wconf 88' lang='lat' dir='ltr'><strong>secundum</strong></span> <span class='ocrx_word' id='word_1_184' title='bbox 1178 2295 1409 2336; x_wconf 85' lang='lat' dir='ltr'><strong>naturam</strong></span> <span class='ocrx_word' id='word_1_185' title='bbox 1450 2295 1542 2337; x_wconf 90' lang='lat' dir='ltr'><strong>est.</strong></span> <span class='ocrx_word' id='word_1_186' title='bbox 1629 2275 1702 2336; x_wconf 77' lang='grc' dir='ltr'><strong>ΕΙ</strong></span> 
     </span>
     <span class='ocr_line' id='line_1_28' title="bbox 195 2296 1702 2466; baseline -0.003 -36"><span class='ocrx_word' id='word_1_187' title='bbox 195 2389 254 2430; x_wconf 83' lang='lat' dir='ltr'><strong>ut</strong></span> <span class='ocrx_word' id='word_1_188' title='bbox 311 2379 445 2445; x_wconf 90' lang='lat' dir='ltr'><strong>quod</strong></span> <span class='ocrx_word' id='word_1_189' title='bbox 510 2378 623 2426; x_wconf 87' lang='lat' dir='ltr'><strong>volo</strong></span> <span class='ocrx_word' id='word_1_190' title='bbox 682 2380 957 2440; x_wconf 85' lang='lat' dir='ltr'><strong>exprimam</strong></span> <span class='ocrx_word' id='word_1_191' title='bbox 1017 2377 1253 2434; x_wconf 90' lang='lat' dir='ltr'><strong>breviter,</strong></span> <span class='ocrx_word' id='word_1_192' title='bbox 1312 2380 1520 2424; x_wconf 89' lang='lat' dir='ltr'><strong>materia</strong></span> <span class='ocrx_word' id='word_1_193' title='bbox 1577 2296 1702 2466; x_wconf 46' lang='lat' dir='ltr'><strong>bouq</strong></span> 
     </span>
    </p>
   </div>
   <div class='ocr_carea' id='block_1_5' title="bbox 194 2466 1702 2674">
    <p class='ocr_par' dir='ltr' id='par_1_5' title="bbox 194 2466 1702 2674">
     <span class='ocr_line' id='line_1_29' title="bbox 194 2466 1702 2536; baseline -0.004 -18"><span class='ocrx_word' id='word_1_194' title='bbox 194 2468 465 2536; x_wconf 87' lang='lat' dir='ltr'><strong>aliquando</strong></span> <span class='ocrx_word' id='word_1_195' title='bbox 522 2473 696 2515; x_wconf 90' lang='lat' dir='ltr'><strong>contra</strong></span> <span class='ocrx_word' id='word_1_196' title='bbox 753 2471 981 2512; x_wconf 83' lang='lat' dir='ltr'><strong>naturam</strong></span> <span class='ocrx_word' id='word_1_197' title='bbox 1029 2471 1123 2522; x_wconf 89' lang='lat' dir='ltr'><strong>est,</strong></span> <span class='ocrx_word' id='word_1_198' title='bbox 1171 2466 1359 2511; x_wconf 90' lang='lat' dir='ltr'><strong>bonum</strong></span> <span class='ocrx_word' id='word_1_199' title='bbox 1404 2469 1702 2534; x_wconf 60' lang='lat' dir='ltr'><strong>numquam,&#39;</strong></span> 
     </span>
     <span class='ocr_line' id='line_1_30' title="bbox 575 2535 1702 2609; baseline -0.002 -14"><span class='ocrx_word' id='word_1_200' title='bbox 575 2552 592 2579; x_wconf 83' lang='lat'>¹</span> <span class='ocrx_word' id='word_1_201' title='bbox 617 2554 679 2595; x_wconf 83' lang='lat' dir='ltr'><strong>ad</strong></span> <span class='ocrx_word' id='word_1_202' title='bbox 696 2565 804 2609; x_wconf 74' lang='lat' dir='ltr'><strong>quac</strong></span> <span class='ocrx_word' id='word_1_203' title='bbox 824 2551 1010 2599; x_wconf 81' lang='lat' dir='ltr'><strong>Hense;</strong></span> <span class='ocrx_word' id='word_1_204' title='bbox 1039 2557 1166 2607; x_wconf 76' lang='lat' dir='ltr'><strong>atquo</strong></span> <span class='ocrx_word' id='word_1_205' title='bbox 1187 2550 1320 2594; x_wconf 90' lang='lat' dir='ltr'><strong>MSS.</strong></span> <span class='ocrx_word' id='word_1_206' title='bbox 1697 2535 1702 2593; x_wconf 62' lang='lat' dir='ltr'><strong>l</strong></span> 
     </span>
     <span class='ocr_line' id='line_1_31' title="bbox 199 2630 264 2674; baseline 0.015 -1"><span class='ocrx_word' id='word_1_207' title='bbox 199 2630 264 2674; x_wconf 79' lang='lat'><strong>24</strong></span> 
     </span>
    </p>
   </div>
  </div>
 </body>
</html>
