1702 2918
494 194 641 242 THE
676 194 996 243 EPISTLES
1034 194 1124 243 OF
1158 195 1424 244 SENECA

212 319 314 351 non
339 309 508 366 potest
530 306 678 360 vinci,
701 319 790 365 par
814 309 922 351 erat
944 303 1017 350 illi
1041 305 1189 363 bono,
1213 321 1312 369 quo
1335 308 1493 352 victor
1515 306 1700 354 rediret

213 380 267 423 in
291 380 501 440 patriam
526 382 580 423 et
603 383 912 439 conponeret
943 377 1198 440 pacem?'’
1271 377 1461 438 Quidni
1491 396 1578 442 par
1602 383 1702 427 sit?

214 450 406 498 Eadem
452 453 587 498 enim
633 453 819 497 virtute
866 456 920 498 et
966 450 1097 497 mala
1142 451 1342 498 fortuna
1387 456 1603 500 vincitur
1648 460 1702 501 et

212 524 470 571 ordinatur
497 524 639 570 bona.
712 523 882 571 Virtus
905 530 1078 572 autem
1103 541 1206 572 non
1238 532 1406 588 potest
1437 531 1593 573 maior
1614 534 1702 576 aut

163 603 192 651 9
212 602 374 645 minor
396 597 531 654 fieri3
568 600 713 644 unius
737 603 956 645 staturae
981 604 1073 646 est.
1146 603 1178 626 “
1195 597 1295 646 Sed
1321 599 1408 647 Cn.
1439 599 1702 664 Pompeius

211 675 415 719 amittet
477 674 770 729 exercitum,
831 671 922 719 sed
983 671 1110 719 illud
1177 672 1567 736 pulcherrimum
1629 679 1702 723 rei

213 745 442 808 publicae
505 750 841 808 praetextum,
898 748 1183 808 optimates,
1240 753 1295 794 et
1356 750 1515 810 prima
1570 752 1702 796 acies

213 819 626 882 Pompeianarum
671 822 904 881 partium,
950 825 1152 867 senatus
1198 819 1364 868 ferens
1410 837 1560 880 arma,
1602 839 1702 870 uno

212 893 401 956 proelio
432 891 827 956 profligabuntur
851 898 904 940 et
936 898 1041 939 tam
1071 897 1242 956 magni
1265 897 1407 941 ruina
1429 898 1624 958 imperii
1648 900 1702 943 in

210 973 376 1014 totum
410 966 622 1013 dissiliet
649 967 822 1013 orbem
839 981 852 1022 ;
886 966 1053 1030 aliqua
1083 983 1195 1030 pars
1225 970 1332 1015 eius
1363 971 1414 1014 in
1447 968 1702 1033 Aegypt0‚

211 1041 378 1104 aliqua
405 1044 458 1087 in
482 1039 668 1097 Africa,
691 1039 858 1103 aliqua
890 1043 944 1086 in
980 1040 1227 1103 Hispania
1257 1040 1418 1089 cadet.
1492 1043 1571 1090 Ne
1607 1043 1702 1090 hoc

211 1114 415 1178 quidem
438 1117 647 1161 miserae
671 1117 743 1161 rei
771 1113 1001 1176 publicae
1026 1117 1304 1178 continget,
1328 1115 1483 1163 semel
1507 1117 1698 1165 ruere.''

129 1189 191 1238 10
213 1188 397 1235 Omnia
419 1187 540 1235 licet
563 1187 714 1244 fiant3
751 1186 928 1234 Iubam
956 1191 1008 1234 in
1037 1204 1195 1251 regno
1227 1204 1315 1235 suo
1347 1205 1449 1236 non
1482 1189 1701 1238 locorum

210 1265 393 1310 notitia
426 1261 646 1318 adiuvet,
671 1277 774 1307 non
809 1261 1123 1324 popularium
1158 1278 1247 1325 pro
1282 1278 1402 1325 rege
1431 1279 1521 1311 suo
1544 1268 1700 1312 virtus

211 1336 615 1390 obstinatissima,
639 1334 953 1382 Vticensium
983 1351 1182 1399 quoque
1218 1335 1341 1383 fides
1376 1337 1520 1385 malis
1544 1337 1702 1385 fracta

210 1409 411 1458 deficiat
445 1415 499 1457 et
535 1407 820 1472 Scipionem
855 1412 909 1455 in
944 1409 1115 1457 Africa
1148 1413 1362 1457 nominis
1393 1414 1470 1458 sui
1502 1411 1702 1460 fortuna

209 1484 467 1531 destituat.
541 1482 676 1530 Olim
717 1485 967 1545 provisum
1003 1489 1097 1542 est,
1131 1499 1197 1531 ne
1232 1483 1354 1547 quid
1390 1484 1512 1532 Cato
1547 1485 1701 1534 detri-

210 1561 370 1605 menti
394 1563 611 1620 caperet.

127 1633 184 1681 11
295 1631 515 1678 “Victus
574 1636 653 1678 est
709 1630 928 1677 tamen.’'
1027 1630 1095 1677 Et
1152 1630 1248 1678 hoc
1304 1648 1512 1680 numera
1567 1637 1701 1682 inter

208 1704 430 1768 repulsas
473 1704 675 1751 Catonis
692 1720 705 1761 ;
757 1710 861 1750 tam
907 1720 1090 1766 magno
1134 1708 1301 1752 animo
1341 1705 1472 1753 feret
1511 1707 1700 1771 aliquid

208 1784 302 1830 sibi
346 1782 411 1830 ad
468 1785 727 1829 victoriam
773 1797 922 1845 quam
979 1781 1044 1829 ad
1101 1789 1383 1845 praeturam
1430 1785 1695 1835 obstitisse.

210 1856 324 1916 Quo
356 1856 438 1903 die
468 1855 695 1918 repulsus
725 1861 819 1913 est,
843 1855 979 1913 lusit,
1002 1872 1101 1919 qua
1131 1863 1281 1904 nocte
1313 1860 1562 1919 periturus
1586 1859 1699 1920 fuit,

208 1931 347 1994 legit.
421 1929 615 1977 Eodem
637 1929 748 1976 loco
778 1928 956 1976 habuit
979 1936 1211 1992 praetura
1235 1936 1289 1978 et
1312 1934 1414 1978 vita
1438 1933 1698 1992 excidere3

208 2012 390 2066 omnia,
414 2023 543 2071 quae
566 2007 871 2066 acciderent,
889 2006 1098 2055 ferenda
1122 2024 1230 2055 esse
1254 2017 1565 2072 persuaserat
1588 2013 1694 2061 sibi.

129 2080 188 2126 12
208 2082 400 2141 Quidni
436 2081 523 2128 ille
559 2084 891 2128 mutationem
926 2084 999 2128 rei
1033 2081 1263 2144 publicae
1299 2081 1416 2131 forti
1451 2090 1505 2131 et
1537 2101 1698 2149 aequo

273 2269 292 2289 ‘¹
322 2262 582 2315 Egypt—47
627 2275 733 2311 n.c.;
793 2260 948 2304 Africa
998 2262 1347 2317 (Thapsus)—46
1394 2278 1499 2314 1³.c.;
1559 2266 1695 2320 Spain

204 2315 522 2372 (Munda)—45
541 2330 626 2358 nst.

275 2371 292 2396 ὁ
320 2369 364 2411 Α
390 2372 484 2412 sort
505 2369 558 2411 of
579 2371 747 2411 serious
772 2370 944 2424 parody
966 2369 1020 2412 of
1039 2370 1117 2412 the
1138 2376 1312 2413 senatus
1335 2373 1575 2415 consultum
1595 2375 1697 2416 ulti-

207 2438 339 2466 mum.
399 2423 487 2466 For
508 2437 536 2464 a
564 2424 810 2465 discussion
834 2424 886 2465 of
910 2424 987 2465 the
1010 2424 1181 2479 history
1199 2425 1289 2466 and
1317 2428 1527 2481 meaning
1543 2428 1595 2469 of
1618 2429 1697 2471 the

207 2478 370 2533 phrase
389 2490 464 2520 see
484 2477 552 2519 W.
579 2478 743 2519 Warde
763 2478 969 2520 Fowler's
993 2478 1153 2526 Cicero,
1239 2512 1248 2521 .
1277 2482 1477 2523 151-158.

275 2541 291 2560 ⁶
320 2531 484 2573 Plato's
516 2532 706 2574 Phaedo.
766 2531 878 2574 Cato
907 2532 1013 2574 slew
1041 2532 1183 2575 himse
1246 2536 1295 2575 at
1323 2533 1473 2583 Utica,
1504 2538 1556 2577 46
1589 2549 1691 2586 ne„

207 2587 324 2628 after
342 2585 527 2641 Scipio's
547 2586 699 2628 defeat
716 2589 765 2628 at
782 2585 1002 2640 Thapsus·

210 2654 271 2702 78
