1702 2918
441 174 590 222 THE
625 172 949 222 EPISTLES
985 173 1077 222 OF
1110 173 1377 222 SENECA

159 280 414 345 producta.
505 279 743 327 Ceterum
783 282 994 326 sciamus
1034 282 1284 344 mancipia
1321 286 1492 328 nostra
1531 298 1676 343 esse„

157 394 260 426 non
283 383 452 441 partes
468 391 482 433 ;
517 382 572 424 et
589 378 692 423 sint
709 374 844 438 apud
862 391 970 433 nos,
988 375 1078 423 sed
1101 378 1190 435 ita,
1207 381 1266 423 ut
1283 373 1673 428 meminerimus*

157 479 300 522 extra
322 489 413 520 nos
437 488 560 520 esse.
633 471 802 519 Etiam
819 473 862 519 si
883 471 1019 535 apud
1037 489 1127 520 nos
1146 475 1265 532 sint,
1281 475 1416 521 inter
1433 474 1659 524 subiecta

156 577 212 621 et
250 569 460 618 humilia
499 575 831 617 numerentur
868 575 1077 633 propter
1116 585 1246 633 quae
1285 586 1436 618 nemo
1475 586 1530 620 se
1569 571 1659 620 ad·
1686 566 1702 619 Ι

154 667 336 717 tollere
372 665 571 714 debeat.
648 663 788 724 Quid
824 667 962 713 enim
1002 664 1206 713 stultius
1246 681 1398 730 quam
1437 665 1658 731 aliquem
1685 695 1690 706 -·

71 774 133 824 18
157 781 217 812 eo
252 763 347 812 sibi
388 761 606 826 placere,
641 760 777 825 quod
818 764 926 824 ipse
967 777 1072 808 non
1106 760 1271 809 fecit?
1341 762 1527 810 Omnia
1560 766 1686 814 ista?

153 859 298 908 nobis
321 857 584 916 accedant,
608 873 712 904 non
743 855 1004 915 haereant,
1029 861 1088 903 ut
1118 859 1160 904 si
1191 855 1524 918 abducentur,
1548 862 1657 909 sine
1683 882 1688 922 g

154 955 257 1004 ulla
282 956 441 1001 nostri
471 953 777 1001 laceratione
809 950 1089 1000 discedant.
1162 951 1379 1000 Utamur
1407 952 1522 1014 illis,
1553 971 1656 1004 non

153 1051 440 1117 gloriemur,
465 1055 520 1096 et
551 1055 753 1096 utamur
784 1063 933 1112 parce
964 1054 1223 1112 tamquam
1255 1048 1496 1112 depositis
1519 1050 1656 1115 apud

151 1165 244 1197 nos
278 1153 333 1195 et
365 1145 589 1194 abituris.
662 1143 902 1210 Quisquis
933 1143 1021 1192 illa
1050 1147 1159 1194 sine
1187 1148 1382 1193 ratione
1414 1146 1665 1215 possedit,

150 1262 255 1295 non
300 1243 387 1292 diu
432 1245 619 1302 tenuit,
664 1245 774 1306 ipsa
820 1245 957 1289 enim
1003 1257 1059 1290 se
1104 1241 1337 1300 felicitas,
1383 1245 1480 1290 nisi
1524 1248 1632 1292 tem
1678 1238 1680 1243 ⁴

149 1346 370 1408 petatur,
394 1341 594 1404 premit.
666 1336 721 1386 Si
753 1336 1084 1402 fugacissimis
1118 1336 1263 1385 bonis
1295 1318 1528 1399 credidit,
1551 1343 1596 1387 ci
1635 1312 1679 1395 ιζ’

150 1438 401 1487 deseritur
446 1441 518 1494 et,
564 1440 623 1482 ut
669 1450 773 1481 non
819 1433 1097 1493 deseratur,
1137 1433 1405 1498 adfligitur.
1478 1435 1582 1484 Pau
1594 1417 1679 1478 υ·.-““

148 1535 406 1599 deponere
430 1530 729 1579 felicitatem
761 1529 986 1578 molliter
1016 1529 1191 1587 licuit;
1237 1531 1395 1578 ceteri
1429 1546 1545 1579 cum
1576 1534 1681 1590 iis

147 1636 283 1680 inter
304 1645 434 1694 quae
459 1630 735 1686 eminuere,
751 1625 993 1674 labuntur
1016 1631 1071 1674 et
1092 1624 1205 1673 illos
1228 1625 1507 1690 degravant
1529 1630 1573 1675 i·
1591 1649 1599 1656 ·
1616 1631 1658 1668 :⁸
1691 1686 1698 1693 ,

63 1740 126 1790 19
149 1742 278 1793 quae
303 1723 604 1774 extulerant.
679 1722 804 1771 Ideo
837 1721 1167 1771 adhibebitur
1200 1722 1486 1786 prudentia,
1521 1739 1555 1788 q
1600 1746 1606 1765 ι
1635 1754 1656 1764 .»

146 1825 353 1875 modum
410 1821 509 1870 illis
564 1827 653 1869 aut
712 1823 1066 1884 parsimoniam
1123 1822 1368 1884 imponat,
1414 1823 1585 1885 quoni
1612 1834 1655 1872 ··;

146 1922 354 1989 quidem
393 1919 603 1967 licentia
638 1933 760 1981 opes
801 1932 913 1965 suas
953 1919 1255 1980 praecipitat
1292 1923 1448 1981 atque
1483 1933 1609 1981 urge

147 2021 257 2069 Nec
282 2033 520 2082 umquam
543 2013 795 2063 inmodica
818 2013 1078 2073 durarunt,
1103 2015 1200 2061 nisi
1231 2012 1317 2061 illa
1344 2013 1550 2062 modera
1669 1983 1672 1990 Ι

146 2120 273 2165 ratio
291 2115 597 2177 conpescuit.
660 2111 775 2158 Hoc
793 2110 1064 2158 multarum
1084 2110 1177 2158 tibi
1197 2110 1395 2158 urbium
1413 2110 1626 2160 ostende
1665 2177 1669 2182 ,
1689 2131 1702 2178 ῑ

147 2218 376 2270 eventuS,
401 2224 611 2274 quarum
639 2210 694 2254 in
721 2210 830 2271 ipso
858 2205 976 2254 flore
1005 2205 1257 2254 luxuriosa
1287 2209 1499 2270 imperia
1521 2210 1643 2256 ceci-

147 2310 334 2359 derunt
351 2311 407 2355 et
430 2303 669 2370 quicquid
687 2305 876 2350 virtute
899 2308 1100 2366 partum
1119 2307 1243 2360 erat,
1261 2304 1579 2366 intemperati
1594 2305 1619 2344 a·

208 2471 227 2490 ‘²
256 2464 482 2507 Produwta
518 2464 555 2505 is
580 2475 610 2504 a
634 2460 898 2503 translation
924 2460 977 2502 of
1007 2459 1084 2501 the
1110 2458 1234 2501 Stoic
1257 2461 1372 2499 term
1399 2457 1621 2509 τροηγμέν
1690 2499 1700 2510 ‚

151 2520 238 2563 For
263 2532 292 2561 a
316 2517 435 2561 clear
459 2517 707 2571 exposition
733 2516 785 2558 of
806 2515 894 2557 this
920 2515 1042 2567 topic
1067 2526 1140 2555 see
1166 2511 1336 2559 Cicero,
1362 2511 1428 2552 De
1455 2509 1560 2552 Fan.

149 2576 205 2617 52
227 2573 274 2616 ff.

148 2644 242 2687 124
