1702 2918
409 157 557 205 THE
592 158 914 207 EPISTLES
947 159 1042 208 OF
1074 159 1342 208 SENECA

127 262 370 312 honestae
393 267 467 312 rei
489 270 745 328 tamquam
770 265 902 312 bono
919 268 1023 312 viro
1047 266 1250 324 credet3
1285 267 1463 315 utilem
1485 269 1619 317 illam

127 352 221 399 sibi
266 351 525 411 iudicabit,
565 358 748 411 tutam,
787 369 1088 416 prosperam.
1176 354 1412 403 Eundem
1456 356 1622 404 locum

126 439 336 487 habebit
380 440 515 504 apud
560 440 704 488 illum
750 440 964 489 honesta
1002 458 1099 501 res,
1139 442 1230 490 sed
1275 447 1431 492 tristis
1470 452 1623 510 atque

125 544 317 591 aspera,
340 545 493 592 quem
520 532 595 576 vir
626 529 786 576 bonus
817 545 1009 592 pauper
1035 535 1126 577 aut
1157 530 1274 578 exul
1304 548 1363 579 ac
1394 533 1621 596 palliduS.

43 619 104 665 22
128 616 365 680 Agedum
405 632 538 680 pone
579 632 642 664 ex
682 616 779 664 alia
824 623 968 681 parte
1009 621 1170 665 virum
1209 619 1398 666 bonum
1437 620 1626 669 divitiis

125 703 487 763 abundantem,
523 721 586 752 ex
632 703 791 753 altera
835 704 964 752 nihil
1002 705 1294 766 habentem,
1340 707 1431 755 sed
1470 712 1525 756 in
1572 726 1626 759 se

125 796 322 849 omnia3
357 799 571 856 uterque
590 809 751 857 aeque
769 796 843 840 vir
866 793 1026 840 bonus
1050 797 1163 853 erit,
1181 797 1337 842 etiam
1360 798 1402 843 si
1425 795 1627 846 fortuna

125 881 310 944 dispari
333 887 519 929 utetur.
594 881 755 940 Idem,
780 887 838 929 ut
869 881 990 940 dixi,
1013 885 1067 929 in
1090 882 1239 930 rebus
1270 883 1510 932 iudicium
1532 892 1627 946 est,

126 968 262 1033 quod
292 951 355 1016 'in
394 968 709 1027 hominibus;
760 986 921 1035 aeque
959 969 1225 1019 laudabilis
1259 975 1416 1020 virtus
1456 980 1536 1022 est
1574 978 1628 1023 in

126 1073 332 1121 corpore
367 1057 532 1105 valido
563 1074 623 1106 ac
655 1058 816 1106 libero
850 1062 1013 1122 posita
1045 1075 1196 1123 quam
1227 1062 1281 1107 in
1311 1061 1540 1110 morbido
1569 1080 1627 1112 ac

43 1151 105 1198 23
126 1150 308 1194 vincto.
370 1146 504 1210 Ergo
526 1152 663 1193 tuam
680 1163 881 1211 quoque
897 1151 1137 1195 virtutem
1155 1164 1259 1195 non
1274 1153 1434 1213 magis
1457 1150 1627 1199 lauda-

126 1236 218 1293 bis,
244 1238 284 1282 si
309 1251 486 1299 corpus
509 1234 583 1282 illi
607 1241 752 1282 tuum
767 1235 786 1266 ¹
816 1239 1073 1300 integrum
1095 1234 1297 1284 fortuna
1320 1242 1628 1300 praestiterit

125 1340 277 1388 quam
299 1326 342 1371 si
373 1339 437 1371 ex
467 1323 634 1387 aliqua
665 1330 807 1387 parte
830 1323 1151 1380 mutilatum3
1185 1323 1372 1388 alioqui
1403 1324 1499 1373 hoc
1531 1331 1627 1375 erit
1699 1356 1702 1363 ι

126 1428 190 1459 ex
236 1427 489 1459 servorum
542 1410 718 1459 habitu
765 1411 1025 1459 dominum
1070 1415 1348 1460 aestimare.
1443 1413 1627 1463 Omnia

127 1503 263 1547 enim
310 1503 421 1559 ista,
462 1502 516 1546 in
556 1515 685 1564 quae
727 1499 1004 1547 dominium
1046 1515 1186 1547 casus
1227 1507 1445 1560 exercet,
1486 1518 1627 1551 serva

125 1595 260 1647 sunt,
292 1591 506 1651 pecunia
536 1594 592 1636 et
623 1604 800 1652 corpus
833 1594 889 1636 et
918 1586 1150 1648 honores,
1179 1588 1431 1648 inbecilla,
1459 1589 1626 1652 fluida,

123 1676 370 1735 mortalia,
402 1680 725 1740 possessionis
756 1680 994 1725 incertae.
1068 1676 1162 1724 Illa
1185 1693 1352 1725 rursus
1382 1677 1541 1727 libera
1571 1685 1626 1728 et

124 1770 312 1814 invicta
335 1781 486 1829 opera
509 1769 725 1825 virtutiS,
743 1781 872 1830 quae
896 1781 999 1812 non
1022 1765 1138 1813 ideo
1154 1769 1314 1829 magis
1337 1766 1626 1830 adpetenda

125 1861 260 1914 sunt,
284 1858 325 1902 si
356 1855 624 1918 benignius
646 1870 678 1901 a
709 1853 911 1901 fortuna
941 1860 1237 1913 tractantur,
1261 1871 1356 1903 nec
1378 1858 1560 1916 minus,
1583 1860 1624 1906 si

123 1944 291 2008 aliqua
314 1946 582 2007 iniquitate
605 1958 772 1991 rerum
794 1948 1106 2006 premuntur.

40 2042 104 2090 24
209 2030 361 2091 Quod
405 2033 625 2077 amicitia
669 2033 723 2076 in
767 2029 1053 2077 hominibus
1100 2035 1195 2089 est,
1235 2029 1332 2077 hoc
1375 2033 1431 2077 in
1475 2031 1624 2081 rebus

123 2121 383 2184 adpetitio,
458 2118 590 2178 Non,
626 2123 766 2182 puto,
805 2120 964 2181 magis
1005 2133 1196 2166 amares
1235 2121 1395 2165 virum
1435 2119 1622 2168 bonum

124 2207 432 2271 locupletem
451 2222 601 2270 quam
625 2222 915 2270 pauperem,
933 2222 1029 2254 nec
1052 2206 1313 2254 robustum
1337 2212 1393 2255 et
1415 2206 1624 2257 lacerto-

123 2313 231 2345 sum
258 2312 408 2360 quam
432 2294 671 2358 gracilem
689 2300 744 2342 et
766 2293 992 2358 languidi
1015 2297 1261 2357 corporis;
1295 2310 1416 2358 ergo
1433 2310 1499 2343 ne
1516 2312 1623 2344 rem

123 2385 330 2451 quidem
351 2387 511 2448 magis
534 2383 746 2447 adpetes
763 2389 852 2430 aut
874 2382 1063 2429 amabis
1086 2381 1296 2430 hilarem
1314 2399 1372 2431 ac
1394 2390 1622 2447 pacatam

191 2500 206 2525 ¹
234 2500 429 2542 illituum
455 2497 568 2547 VP;
609 2498 825 2540 illibatum
851 2511 881 2540 a
908 2496 1006 2540 MS.
1037 2497 1090 2539 of
1119 2496 1400 2553 Opsopoeus,
1429 2497 1620 2553 perhaps

122 2553 357 2608 oerrecfly,
377 2565 429 2595 as
449 2551 608 2595 Hense
626 2551 796 2594 thinks.

129 2617 189 2667 16

1699 1706 1702 1756 1
