1702 2918
471 167 619 215 THE
654 165 976 215 EPISTLES
1011 166 1104 214 OF
1136 165 1404 215 SENECA

190 275 353 322 ultimi
370 274 387 305 1
413 279 651 337 praestat,
674 272 803 320 nihil
837 278 1103 320 cunctatus
1138 273 1341 321 desiliet
1368 277 1422 320 in
1451 281 1683 335 mortem,

187 341 352 389 facere
388 348 526 389 recte
568 345 751 404 pieque
787 347 1069 388 contentus.
1142 341 1359 404 Oppone
1395 345 1683 391 etiamnunc

188 409 260 456 illi
309 409 470 456 multa
515 425 644 472 quae
689 407 1040 466 dehortentur,
1086 407 1197 455 dic:
1255 408 1493 456 “factum
1539 416 1679 458 tuum

186 483 382 524 matura
417 483 658 540 sequetur
690 475 874 523 oblivio
908 481 962 523 et
997 492 1170 538 parum
1204 482 1348 539 grata
1382 480 1685 526 existimatio

187 543 412 591 civium”
434 559 446 600 ;
482 542 841 607 respondebit²
864 543 986 590 tibi:
1024 546 1166 590 “ista
1193 547 1360 590 omnia
1391 550 1533 591 extra
1560 561 1684 608 opus

186 628 353 659 meum
401 617 533 659 sunt.
628 611 738 673 Ego
783 613 947 673 ipsum
993 610 1318 673 contemplor.
1415 611 1530 659 Hoc
1576 629 1685 661 esse

188 678 458 726 honestum
492 682 606 726 scio.
682 678 861 741 ltaque
896 694 1212 742 quocumque
1253 678 1396 726 ducit
1431 695 1488 725 ac
1523 686 1684 740 vocat,

188 746 381 794 vemo.”

102 813 166 861 30
274 814 390 861 Hoc
430 829 551 876 ergo
590 829 749 860 unum
795 812 984 859 bonum
1025 818 1119 871 est,
1160 811 1296 876 quod
1341 828 1444 860 non
1484 819 1685 863 tantum

187 880 442 945 perfectus
476 884 688 938 animus,
724 879 814 927 sed
854 895 1126 943 generosus
1165 896 1366 944 quoque
1408 887 1464 929 et
1502 881 1684 930 indolis

186 950 348 996 bonae
382 952 570 1004 sentit3
617 953 787 995 cetera
820 946 951 994 levia
985 954 1121 1005 sunt,
1155 947 1429 996 mutabilia.
1504 948 1683 1013 Itaque

187 1016 402 1064 sollicite
449 1015 782 1079 possidentur.
811 1013 815 1017 “
857 1014 1023 1061 Etiam
1064 1017 1105 1062 si
1146 1013 1349 1063 favente
1391 1014 1590 1063 fortuna
1630 1020 1685 1065 in

187 1100 342 1131 unum
367 1089 608 1146 congesta
638 1088 774 1141 sunt,
798 1081 1014 1129 dominis
1037 1085 1139 1130 suis
1169 1083 1412 1130 incubant
1439 1087 1608 1147 gravia
1630 1090 1686 1133 et

100 1152 160 1199 31
185 1151 296 1199 illos
321 1167 520 1214 semper
543 1156 795 1213 premunt,
819 1149 1089 1214 aliquando
1113 1155 1167 1197 et
1190 1149 1452 1198 inlidunt.⁸
1522 1151 1685 1199 Nemo

186 1235 248 1267 ex
283 1221 409 1276 istis,
437 1234 562 1282 quos
599 1223 896 1280 purpuratos
931 1216 1087 1275 vides,
1111 1216 1234 1264 felix
1270 1224 1364 1276 est,
1390 1234 1490 1265 non
1524 1222 1684 1283 magis

184 1303 335 1351 quam
381 1302 443 1334 ex
486 1285 599 1343 illis,
640 1286 821 1349 quibus
867 1291 1121 1348 sceptrum
1168 1291 1222 1332 et
1268 1285 1585 1349 chlamydem
1632 1290 1684 1334 in

184 1370 365 1401 scaena
389 1352 588 1400 fabulae
612 1352 912 1415 adsignant3
946 1368 1060 1399 cum
1094 1359 1359 1415 praesente
1385 1353 1570 1416 populo
1593 1353 1684 1402 lati

184 1425 499 1469 incesserunt
523 1427 577 1468 et
601 1423 869 1477 coturnati,
887 1419 1033 1467 simul
1059 1423 1307 1478 exierunt,
1333 1420 1686 1469 excalceantur

185 1496 241 1537 et
269 1488 334 1536 ad
367 1495 609 1536 staturam
642 1504 782 1534 suam
814 1487 1044 1535 redeunt.
1121 1487 1283 1535 Nemo
1311 1491 1535 1546 istorum,
1560 1504 1685 1553 quos

183 1555 388 1604 divitiae
415 1555 727 1619 honoresque
745 1558 797 1601 in
816 1554 993 1602 altiore
1017 1553 1218 1618 fastigio
1242 1562 1454 1618 ponunt,
1473 1570 1685 1617 magnus

184 1630 276 1673 est.
350 1622 519 1683 Quare
552 1639 673 1686 ergo
704 1638 916 1686 magnus
941 1621 1176 1669 videtur?
1245 1622 1371 1669 Cum
1404 1623 1507 1670 basi
1541 1623 1680 1671 illum

183 1708 272 1739 sua
294 1694 500 1739 metiris.
575 1690 691 1737 Non
715 1696 794 1738 est
817 1706 1028 1753 magnus
1055 1689 1277 1752 pumilio,
1295 1689 1417 1738 licet
1433 1694 1487 1738 in
1511 1697 1684 1739 monte

184 1762 499 1814 constiterit3
551 1757 768 1805 colossus
814 1757 1217 1820 magnitudinem
1264 1773 1404 1805 suam
1450 1759 1683 1818 servabit,

100 1829 163 1876 32
185 1830 339 1874 etiam
376 1829 417 1873 si
454 1829 657 1873 steterit
692 1828 745 1871 in
788 1831 955 1887 puteo.
1032 1824 1147 1871 Hoc
1185 1824 1463 1872 laboramus
1502 1842 1682 1884 errore,

185 1897 254 1941 sic
290 1894 434 1941 nobis
468 1896 759 1955 imponitur,
788 1891 922 1956 quod
958 1895 1214 1939 neminem
1250 1896 1570 1940 aestimamus
1605 1909 1702 1958 ⁸⁰2.

184 1960 320 2026 quod
355 1966 450 2020 est,
485 1960 575 2008 sed
609 1959 851 2008 adicimus
888 1959 962 2006 illi
1000 1965 1055 2007 et
1092 1975 1168 2019 ea,
1200 1960 1380 2023 quibus
1414 1960 1695 2009 adornatus-

251 2101 267 2128 ¹
293 2100 475 2143 maximi
501 2106 541 2142 et
567 2099 713 2142 ultimi
731 2098 1046 2142 Sanctolonius
1075 2098 1167 2141 and
1196 2098 1411 2153 Madvig;
1438 2113 1514 2142 -ο
1532 2105 1574 2143 ot
1591 2109 1702 2156 —o‚„{

182 2169 234 2199 or
250 2169 355 2197 —ae
374 2161 413 2197 et
432 2168 537 2196 —ae
557 2154 686 2196 MSS.
1692 2177 1699 2191 .

249 2209 268 2236 ²
294 2224 363 2251 res
394 2209 562 2251 audebit
581 2222 631 2250 or
649 2208 876 2262 respondet
895 2207 1008 2249 later
1028 2206 1159 2250 MSS.
1179 2223 1192 2257 ς
1220 2207 1443 2262 respondit
1462 2207 1589 2252 VPb.
1691 2199 1702 2237 l

250 2264 268 2291 ⁸
294 2264 343 2306 in
362 2265 489 2306 udum
508 2262 676 2306 Gruter
693 2279 706 2311 ς
734 2262 943 2304 inludunt
963 2261 1059 2305 VP.

248 2419 269 2438 ⁰
297 2410 518 2466 Compare
544 2410 624 2452 the
650 2413 889 2464 argument
916 2411 963 2451 in
992 2410 1080 2464 Ep.
1106 2410 1223 2452 lxxx.
1257 2413 1279 2461 ἓ
1307 2412 1348 2458 7,
1380 2408 1532 2450 “This
1561 2409 1699 2457 farcess

182 2466 235 2508 of
255 2466 408 2520 living,
431 2467 475 2507 in
503 2465 647 2506 which
669 2478 735 2506 we
764 2467 839 2506 act
865 2477 948 2506 our
975 2468 1099 2518 parts
1129 2477 1179 2506 so
1209 2463 1254 2505 ill
1267 2463 1321 2512 ”3
1348 2467 1370 2515 g
1398 2467 1440 2510 8,
1460 2463 1539 2504 the
1559 2463 1697 2522 loud··¹

183 2520 399 2561 mouthed
424 2521 749 2574 impersonator
773 2518 825 2560 of
848 2518 1022 2567 heroes,
1042 2518 1144 2560 who
1172 2517 1318 2572 sleeps
1346 2531 1405 2560 on
1429 2530 1560 2572 rags;
1590 2516 1689 2561 and¹

182 2577 205 2625 ἕ
225 2578 249 2615 9
271 2574 484 2616 hominm
501 2573 746 2616 involutum
763 2573 998 2615 autimas?

191 2637 286 2688 164
