<?xml version="1.0" encoding="UTF-8"?>
<!DOCTYPE html PUBLIC "-//W3C//DTD XHTML 1.0 Transitional//EN"
    "http://www.w3.org/TR/xhtml1/DTD/xhtml1-transitional.dtd">
<html xmlns="http://www.w3.org/1999/xhtml" xml:lang="en" lang="en">
 <head>
  <title>
</title>
<meta http-equiv="Content-Type" content="text/html;charset=utf-8" />
  <meta name='ocr-system' content='tesseract 3.04.00' />
  <meta name='ocr-capabilities' content='ocr_page ocr_carea ocr_par ocr_line ocrx_word'/>
</head>
<body>
  <div class='ocr_page' id='page_1' title='image "adluciliumepistu02seneuoft_0132.png"; bbox 0 0 1702 2918; ppageno 0'>
   <div class='ocr_carea' id='block_1_1' title="bbox 1545 226 1702 2918">
    <p class='ocr_par' dir='ltr' id='par_1_1' title="bbox 1545 226 1702 2918">
     <span class='ocr_line' id='line_1_1' title="bbox 1685 226 1702 555; baseline 0 0"><span class='ocrx_word' id='word_1_1' title='bbox 1685 226 1702 555; x_wconf 95' lang='lat' dir='ltr'><strong>    </strong></span> 
     </span>
     <span class='ocr_line' id='line_1_2' title="bbox 1679 684 1702 1011; baseline 0 0"><span class='ocrx_word' id='word_1_2' title='bbox 1679 684 1702 1011; x_wconf 95' lang='lat' dir='ltr'><strong>    </strong></span> 
     </span>
     <span class='ocr_line' id='line_1_3' title="bbox 1679 1011 1702 1093; baseline 0 1825"><span class='ocrx_word' id='word_1_3' title='bbox 1679 1011 1702 1093; x_wconf 95' lang='lat' dir='ltr'><strong> </strong></span> 
     </span>
     <span class='ocr_line' id='line_1_4' title="bbox 1679 1093 1702 1176; baseline 0 1742"><span class='ocrx_word' id='word_1_4' title='bbox 1679 1093 1702 1176; x_wconf 95' lang='lat' dir='ltr'><strong> </strong></span> 
     </span>
     <span class='ocr_line' id='line_1_5' title="bbox 1677 1176 1702 1421; baseline 0 -80"><span class='ocrx_word' id='word_1_5' title='bbox 1677 1176 1702 1421; x_wconf 95' lang='lat' dir='ltr'><strong>   </strong></span> 
     </span>
     <span class='ocr_line' id='line_1_6' title="bbox 1594 1584 1702 1863; baseline 0 0"><span class='ocrx_word' id='word_1_6' title='bbox 1594 1584 1702 1863; x_wconf 95' lang='lat' dir='ltr'><strong>    </strong></span> 
     </span>
     <span class='ocr_line' id='line_1_7' title="bbox 1647 1863 1702 2076; baseline 0 -50"><span class='ocrx_word' id='word_1_7' title='bbox 1647 1863 1702 2076; x_wconf 95' lang='lat' dir='ltr'><strong>   </strong></span> 
     </span>
     <span class='ocr_line' id='line_1_8' title="bbox 1653 2076 1702 2319; baseline 0 -128"><span class='ocrx_word' id='word_1_8' title='bbox 1653 2076 1702 2319; x_wconf 95' lang='lat' dir='ltr'><strong>     </strong></span> 
     </span>
     <span class='ocr_line' id='line_1_9' title="bbox 1545 2319 1702 2918; baseline 0 -512"><span class='ocrx_word' id='word_1_9' title='bbox 1545 2319 1702 2918; x_wconf 95' lang='lat' dir='ltr'><strong>  </strong></span> 
     </span>
    </p>
   </div>
   <div class='ocr_carea' id='block_1_2' title="bbox 443 151 1375 202">
    <p class='ocr_par' dir='ltr' id='par_1_2' title="bbox 443 151 1375 202">
     <span class='ocr_line' id='line_1_10' title="bbox 443 151 1375 202; baseline -0.004 0"><span class='ocrx_word' id='word_1_10' title='bbox 443 155 591 202; x_wconf 91' lang='lat' dir='ltr'><strong>THE</strong></span> <span class='ocrx_word' id='word_1_11' title='bbox 626 152 948 202; x_wconf 92' lang='lat' dir='ltr'>EPISTLES</span> <span class='ocrx_word' id='word_1_12' title='bbox 984 151 1076 200; x_wconf 90' lang='lat' dir='ltr'><strong>OF</strong></span> <span class='ocrx_word' id='word_1_13' title='bbox 1109 151 1375 199; x_wconf 90' lang='lat' dir='ltr'>SENECA</span> 
     </span>
    </p>
   </div>
   <div class='ocr_carea' id='block_1_3' title="bbox 53 261 1694 2372">
    <p class='ocr_par' dir='ltr' id='par_1_3' title="bbox 53 261 1694 818">
     <span class='ocr_line' id='line_1_11' title="bbox 53 261 1653 332; baseline -0.003 -17"><span class='ocrx_word' id='word_1_14' title='bbox 53 318 77 322; x_wconf 9' lang='grc' dir='ltr'><strong>,μ</strong></span> <span class='ocrx_word' id='word_1_15' title='bbox 159 283 289 332; x_wconf 88' lang='lat' dir='ltr'><strong>quae</strong></span> <span class='ocrx_word' id='word_1_16' title='bbox 324 271 582 323; x_wconf 88' lang='lat' dir='ltr'><strong>vocantur,</strong></span> <span class='ocrx_word' id='word_1_17' title='bbox 615 271 705 311; x_wconf 91' lang='lat' dir='ltr'><strong>aut</strong></span> <span class='ocrx_word' id='word_1_18' title='bbox 744 263 895 310; x_wconf 91' lang='lat' dir='ltr'><strong>homo</strong></span> <span class='ocrx_word' id='word_1_19' title='bbox 929 262 1122 310; x_wconf 85' lang='lat' dir='ltr'>felicior</span> <span class='ocrx_word' id='word_1_20' title='bbox 1161 261 1259 309; x_wconf 90' lang='lat' dir='ltr'><strong>deo</strong></span> <span class='ocrx_word' id='word_1_21' title='bbox 1293 268 1388 320; x_wconf 89' lang='lat' dir='ltr'><strong>est,</strong></span> <span class='ocrx_word' id='word_1_22' title='bbox 1422 267 1653 326; x_wconf 91' lang='lat' dir='ltr'><strong>quoniam</strong></span> 
     </span>
     <span class='ocr_line' id='line_1_12' title="bbox 160 276 1694 412; baseline -0.004 -17"><span class='ocrx_word' id='word_1_23' title='bbox 160 348 367 412; x_wconf 89' lang='lat' dir='ltr'><strong>quidem</strong></span> <span class='ocrx_word' id='word_1_24' title='bbox 402 362 530 410; x_wconf 87' lang='lat' dir='ltr'><strong>quae</strong></span> <span class='ocrx_word' id='word_1_25' title='bbox 570 351 743 409; x_wconf 88' lang='lat' dir='ltr'><strong>parata</strong></span> <span class='ocrx_word' id='word_1_26' title='bbox 781 344 925 391; x_wconf 92' lang='lat' dir='ltr'><strong>nobis</strong></span> <span class='ocrx_word' id='word_1_27' title='bbox 967 349 1102 401; x_wconf 89' lang='lat' dir='ltr'><strong>sunt,</strong></span> <span class='ocrx_word' id='word_1_28' title='bbox 1136 359 1239 390; x_wconf 91' lang='lat' dir='ltr'><strong>non</strong></span> <span class='ocrx_word' id='word_1_29' title='bbox 1280 341 1437 391; x_wconf 90' lang='lat' dir='ltr'><strong>habet</strong></span> <span class='ocrx_word' id='word_1_30' title='bbox 1476 348 1530 391; x_wconf 90' lang='lat' dir='ltr'><strong>in</strong></span> <span class='ocrx_word' id='word_1_31' title='bbox 1565 276 1694 405; x_wconf 42' lang='lat' dir='ltr'><strong>uqu&#39;</strong></span> 
     </span>
     <span class='ocr_line' id='line_1_13' title="bbox 161 424 1681 488; baseline -0.002 -11"><span class='ocrx_word' id='word_1_32' title='bbox 161 429 299 477; x_wconf 85' lang='lat' dir='ltr'><strong>deuS.</strong></span> <span class='ocrx_word' id='word_1_33' title='bbox 387 428 495 475; x_wconf 89' lang='lat' dir='ltr'><strong>Nec</strong></span> <span class='ocrx_word' id='word_1_34' title='bbox 552 430 689 474; x_wconf 89' lang='lat' dir='ltr'><strong>enim</strong></span> <span class='ocrx_word' id='word_1_35' title='bbox 744 425 902 472; x_wconf 92' lang='lat' dir='ltr'><strong>libido</strong></span> <span class='ocrx_word' id='word_1_36' title='bbox 947 425 1012 472; x_wconf 85' lang='lat' dir='ltr'><strong>ad</strong></span> <span class='ocrx_word' id='word_1_37' title='bbox 1069 424 1209 471; x_wconf 89' lang='lat' dir='ltr'><strong>illum</strong></span> <span class='ocrx_word' id='word_1_38' title='bbox 1258 441 1353 472; x_wconf 92' lang='lat' dir='ltr'><strong>nec</strong></span> <span class='ocrx_word' id='word_1_39' title='bbox 1400 426 1681 488; x_wconf 57' lang='lat' dir='ltr'><strong>epularum*</strong></span> 
     </span>
     <span class='ocr_line' id='line_1_14' title="bbox 159 505 1693 571; baseline -0.002 -14"><span class='ocrx_word' id='word_1_40' title='bbox 159 511 388 557; x_wconf 82' lang='lat' dir='ltr'><strong>lautitiae</strong></span> <span class='ocrx_word' id='word_1_41' title='bbox 428 525 524 556; x_wconf 91' lang='lat' dir='ltr'><strong>nec</strong></span> <span class='ocrx_word' id='word_1_42' title='bbox 564 524 686 571; x_wconf 92' lang='lat' dir='ltr'><strong>opes</strong></span> <span class='ocrx_word' id='word_1_43' title='bbox 725 523 822 555; x_wconf 87' lang='lat' dir='ltr'><strong>nec</strong></span> <span class='ocrx_word' id='word_1_44' title='bbox 862 509 1129 570; x_wconf 89' lang='lat' dir='ltr'><strong>quicquam</strong></span> <span class='ocrx_word' id='word_1_45' title='bbox 1171 522 1234 553; x_wconf 86' lang='lat' dir='ltr'><strong>ex</strong></span> <span class='ocrx_word' id='word_1_46' title='bbox 1279 505 1358 552; x_wconf 89' lang='lat' dir='ltr'><strong>his</strong></span> <span class='ocrx_word' id='word_1_47' title='bbox 1403 505 1658 556; x_wconf 90' lang='lat' dir='ltr'><strong>hominem</strong></span> <span class='ocrx_word' id='word_1_48' title='bbox 1692 549 1693 554; x_wconf 72' lang='grc'>,</span> 
     </span>
     <span class='ocr_line' id='line_1_15' title="bbox 159 587 1657 652; baseline 0 -14"><span class='ocrx_word' id='word_1_49' title='bbox 159 591 502 639; x_wconf 83' lang='lat' dir='ltr'><strong>inescantibus</strong></span> <span class='ocrx_word' id='word_1_50' title='bbox 542 596 596 638; x_wconf 89' lang='lat' dir='ltr'><strong>et</strong></span> <span class='ocrx_word' id='word_1_51' title='bbox 642 589 727 636; x_wconf 91' lang='lat' dir='ltr'><strong>vili</strong></span> <span class='ocrx_word' id='word_1_52' title='bbox 770 588 1030 652; x_wconf 89' lang='lat' dir='ltr'><strong>voluptate</strong></span> <span class='ocrx_word' id='word_1_53' title='bbox 1076 587 1380 636; x_wconf 88' lang='lat' dir='ltr'><strong>ducentibus</strong></span> <span class='ocrx_word' id='word_1_54' title='bbox 1420 594 1657 652; x_wconf 84' lang='lat' dir='ltr'><strong>pertinet.</strong></span> 
     </span>
     <span class='ocr_line' id='line_1_16' title="bbox 162 669 1663 737; baseline 0 -17"><span class='ocrx_word' id='word_1_55' title='bbox 162 674 298 737; x_wconf 88' lang='lat' dir='ltr'><strong>Ergo</strong></span> <span class='ocrx_word' id='word_1_56' title='bbox 331 678 421 719; x_wconf 89' lang='lat' dir='ltr'><strong>aut</strong></span> <span class='ocrx_word' id='word_1_57' title='bbox 454 670 590 718; x_wconf 89' lang='lat' dir='ltr'><strong>non1</strong></span> <span class='ocrx_word' id='word_1_58' title='bbox 626 670 922 718; x_wconf 83' lang='lat' dir='ltr'><strong>incredibile</strong></span> <span class='ocrx_word' id='word_1_59' title='bbox 957 676 1036 718; x_wconf 87' lang='lat' dir='ltr'><strong>est</strong></span> <span class='ocrx_word' id='word_1_60' title='bbox 1070 670 1203 716; x_wconf 93' lang='lat' dir='ltr'><strong>bona</strong></span> <span class='ocrx_word' id='word_1_61' title='bbox 1233 669 1331 717; x_wconf 93' lang='lat' dir='ltr'><strong>deo</strong></span> <span class='ocrx_word' id='word_1_62' title='bbox 1365 670 1542 719; x_wconf 88' lang='lat' dir='ltr'><strong>deesse</strong></span> <span class='ocrx_word' id='word_1_63' title='bbox 1573 679 1663 721; x_wconf 89' lang='lat' dir='ltr'><strong>aut</strong></span> 
     </span>
     <span class='ocr_line' id='line_1_17' title="bbox 161 752 1663 818; baseline 0 -15"><span class='ocrx_word' id='word_1_64' title='bbox 161 755 259 803; x_wconf 91' lang='lat' dir='ltr'><strong>hoc</strong></span> <span class='ocrx_word' id='word_1_65' title='bbox 290 758 456 818; x_wconf 91' lang='lat' dir='ltr'><strong>ipsum</strong></span> <span class='ocrx_word' id='word_1_66' title='bbox 478 758 834 816; x_wconf 85' lang='lat' dir='ltr'><strong>argumentum</strong></span> <span class='ocrx_word' id='word_1_67' title='bbox 858 758 937 799; x_wconf 89' lang='lat' dir='ltr'><strong>est</strong></span> <span class='ocrx_word' id='word_1_68' title='bbox 969 752 1100 799; x_wconf 91' lang='lat' dir='ltr'><strong>bona</strong></span> <span class='ocrx_word' id='word_1_69' title='bbox 1123 767 1226 798; x_wconf 89' lang='lat' dir='ltr'><strong>non</strong></span> <span class='ocrx_word' id='word_1_70' title='bbox 1250 767 1375 810; x_wconf 90' lang='lat' dir='ltr'><strong>esse,</strong></span> <span class='ocrx_word' id='word_1_71' title='bbox 1401 753 1536 816; x_wconf 92' lang='lat' dir='ltr'><strong>quod</strong></span> <span class='ocrx_word' id='word_1_72' title='bbox 1565 753 1663 803; x_wconf 93' lang='lat' dir='ltr'><strong>deo</strong></span> 
     </span>
    </p>

    <p class='ocr_par' dir='ltr' id='par_1_4' title="bbox 81 823 1687 1473">
     <span class='ocr_line' id='line_1_18' title="bbox 81 823 1664 897; baseline -0.001 -13"><span class='ocrx_word' id='word_1_73' title='bbox 81 843 142 891; x_wconf 82' lang='lat'><strong>15</strong></span> <span class='ocrx_word' id='word_1_74' title='bbox 164 837 362 884; x_wconf 87' lang='lat' dir='ltr'><strong>desunt.</strong></span> <span class='ocrx_word' id='word_1_75' title='bbox 438 834 615 892; x_wconf 91' lang='lat' dir='ltr'><strong>Adice,</strong></span> <span class='ocrx_word' id='word_1_76' title='bbox 634 832 770 897; x_wconf 93' lang='lat' dir='ltr'><strong>quod</strong></span> <span class='ocrx_word' id='word_1_77' title='bbox 792 833 969 891; x_wconf 84' lang='lat' dir='ltr'><strong>multa,</strong></span> <span class='ocrx_word' id='word_1_78' title='bbox 987 849 1116 896; x_wconf 90' lang='lat' dir='ltr'><strong>quae</strong></span> <span class='ocrx_word' id='word_1_79' title='bbox 1139 833 1272 880; x_wconf 89' lang='lat' dir='ltr'><strong>bona</strong></span> <span class='ocrx_word' id='word_1_80' title='bbox 1289 823 1447 880; x_wconf 87' lang='lat' dir='ltr'><strong>videri</strong></span> <span class='ocrx_word' id='word_1_81' title='bbox 1472 834 1664 896; x_wconf 89' lang='lat' dir='ltr'><strong>volunt,</strong></span> 
     </span>
     <span class='ocr_line' id='line_1_19' title="bbox 165 914 1665 979; baseline -0.001 -13"><span class='ocrx_word' id='word_1_82' title='bbox 165 917 462 966; x_wconf 88' lang='lat' dir='ltr'><strong>animalibus</strong></span> <span class='ocrx_word' id='word_1_83' title='bbox 497 932 648 979; x_wconf 91' lang='lat' dir='ltr'><strong>quam</strong></span> <span class='ocrx_word' id='word_1_84' title='bbox 688 914 881 962; x_wconf 89' lang='lat' dir='ltr'><strong>homini</strong></span> <span class='ocrx_word' id='word_1_85' title='bbox 922 914 1148 978; x_wconf 89' lang='lat' dir='ltr'><strong>pleniora</strong></span> <span class='ocrx_word' id='word_1_86' title='bbox 1182 918 1498 979; x_wconf 84' lang='lat' dir='ltr'><strong>contingunt.</strong></span> <span class='ocrx_word' id='word_1_87' title='bbox 1572 917 1665 966; x_wconf 92' lang='lat' dir='ltr'><strong>Illa</strong></span> 
     </span>
     <span class='ocr_line' id='line_1_20' title="bbox 166 996 1668 1061; baseline 0 -14"><span class='ocrx_word' id='word_1_88' title='bbox 166 1001 278 1047; x_wconf 92' lang='lat' dir='ltr'><strong>cibo</strong></span> <span class='ocrx_word' id='word_1_89' title='bbox 313 997 505 1045; x_wconf 81' lang='lat' dir='ltr'><strong>avidius</strong></span> <span class='ocrx_word' id='word_1_90' title='bbox 541 1003 771 1055; x_wconf 89' lang='lat' dir='ltr'><strong>utuntur,</strong></span> <span class='ocrx_word' id='word_1_91' title='bbox 806 1011 992 1044; x_wconf 88' lang='lat' dir='ltr'><strong>venere</strong></span> <span class='ocrx_word' id='word_1_92' title='bbox 1027 1012 1131 1043; x_wconf 92' lang='lat' dir='ltr'><strong>non</strong></span> <span class='ocrx_word' id='word_1_93' title='bbox 1170 1013 1331 1060; x_wconf 87' lang='lat' dir='ltr'><strong>aeque</strong></span> <span class='ocrx_word' id='word_1_94' title='bbox 1371 996 1668 1061; x_wconf 85' lang='lat' dir='ltr'><strong>fatigantur,</strong></span> 
     </span>
     <span class='ocr_line' id='line_1_21' title="bbox 165 1077 1667 1143; baseline 0 -15"><span class='ocrx_word' id='word_1_95' title='bbox 165 1084 344 1128; x_wconf 89' lang='lat' dir='ltr'><strong>virium</strong></span> <span class='ocrx_word' id='word_1_96' title='bbox 360 1079 457 1126; x_wconf 89' lang='lat' dir='ltr'><strong>illis</strong></span> <span class='ocrx_word' id='word_1_97' title='bbox 472 1082 628 1125; x_wconf 88' lang='lat' dir='ltr'><strong>maior</strong></span> <span class='ocrx_word' id='word_1_98' title='bbox 642 1083 721 1126; x_wconf 91' lang='lat' dir='ltr'><strong>est</strong></span> <span class='ocrx_word' id='word_1_99' title='bbox 736 1083 791 1126; x_wconf 89' lang='lat' dir='ltr'><strong>et</strong></span> <span class='ocrx_word' id='word_1_100' title='bbox 803 1077 1110 1141; x_wconf 82' lang='lat' dir='ltr'><strong>aequabilior</strong></span> <span class='ocrx_word' id='word_1_101' title='bbox 1124 1077 1341 1128; x_wconf 85' lang='lat' dir='ltr'><strong>firmitas.</strong></span> <span class='ocrx_word' id='word_1_102' title='bbox 1412 1077 1667 1143; x_wconf 89' lang='lat' dir='ltr'><strong>Sequitur,</strong></span> 
     </span>
     <span class='ocr_line' id='line_1_22' title="bbox 167 1158 1687 1225; baseline -0.001 -14"><span class='ocrx_word' id='word_1_103' title='bbox 167 1170 226 1211; x_wconf 91' lang='lat' dir='ltr'><strong>ut</strong></span> <span class='ocrx_word' id='word_1_104' title='bbox 252 1161 415 1209; x_wconf 92' lang='lat' dir='ltr'><strong>multo</strong></span> <span class='ocrx_word' id='word_1_105' title='bbox 446 1160 669 1208; x_wconf 90' lang='lat' dir='ltr'><strong>feliciora</strong></span> <span class='ocrx_word' id='word_1_106' title='bbox 699 1162 802 1207; x_wconf 91' lang='lat' dir='ltr'><strong>sint</strong></span> <span class='ocrx_word' id='word_1_107' title='bbox 832 1158 1051 1206; x_wconf 88' lang='lat' dir='ltr'><strong>homine.</strong></span> <span class='ocrx_word' id='word_1_108' title='bbox 1125 1159 1253 1206; x_wconf 90' lang='lat' dir='ltr'><strong>Nam</strong></span> <span class='ocrx_word' id='word_1_109' title='bbox 1284 1163 1392 1208; x_wconf 88' lang='lat' dir='ltr'><strong>sine</strong></span> <span class='ocrx_word' id='word_1_110' title='bbox 1424 1165 1687 1225; x_wconf 77' lang='lat' dir='ltr'><strong>nequitia,¹</strong></span> 
     </span>
     <span class='ocr_line' id='line_1_23' title="bbox 168 1241 1669 1308; baseline 0 -16"><span class='ocrx_word' id='word_1_111' title='bbox 168 1249 276 1293; x_wconf 91' lang='lat' dir='ltr'><strong>sine</strong></span> <span class='ocrx_word' id='word_1_112' title='bbox 299 1242 558 1290; x_wconf 89' lang='lat' dir='ltr'><strong>fraudibus</strong></span> <span class='ocrx_word' id='word_1_113' title='bbox 593 1241 802 1305; x_wconf 90' lang='lat' dir='ltr'><strong>degunt.</strong></span> <span class='ocrx_word' id='word_1_114' title='bbox 878 1241 1133 1288; x_wconf 87' lang='lat' dir='ltr'><strong>Fruuntur</strong></span> <span class='ocrx_word' id='word_1_115' title='bbox 1162 1241 1522 1305; x_wconf 87' lang='lat' dir='ltr'><strong>voluptatibus,</strong></span> <span class='ocrx_word' id='word_1_116' title='bbox 1545 1260 1669 1308; x_wconf 87' lang='lat' dir='ltr'><strong>quas</strong></span> 
     </span>
     <span class='ocr_line' id='line_1_24' title="bbox 169 1322 1671 1388; baseline 0.001 -14"><span class='ocrx_word' id='word_1_117' title='bbox 169 1332 222 1375; x_wconf 88' lang='lat' dir='ltr'><strong>et</strong></span> <span class='ocrx_word' id='word_1_118' title='bbox 256 1328 417 1388; x_wconf 89' lang='lat' dir='ltr'><strong>magis</strong></span> <span class='ocrx_word' id='word_1_119' title='bbox 452 1327 659 1387; x_wconf 89' lang='lat' dir='ltr'><strong>capiunt</strong></span> <span class='ocrx_word' id='word_1_120' title='bbox 694 1329 749 1371; x_wconf 89' lang='lat' dir='ltr'><strong>et</strong></span> <span class='ocrx_word' id='word_1_121' title='bbox 788 1339 852 1371; x_wconf 87' lang='lat' dir='ltr'><strong>ex</strong></span> <span class='ocrx_word' id='word_1_122' title='bbox 886 1322 1021 1370; x_wconf 88' lang='lat' dir='ltr'><strong>facili</strong></span> <span class='ocrx_word' id='word_1_123' title='bbox 1056 1326 1164 1371; x_wconf 91' lang='lat' dir='ltr'><strong>sine</strong></span> <span class='ocrx_word' id='word_1_124' title='bbox 1199 1323 1304 1371; x_wconf 93' lang='lat' dir='ltr'><strong>ullo</strong></span> <span class='ocrx_word' id='word_1_125' title='bbox 1344 1324 1547 1388; x_wconf 89' lang='lat' dir='ltr'><strong>pudoris</strong></span> <span class='ocrx_word' id='word_1_126' title='bbox 1581 1334 1671 1377; x_wconf 83' lang='lat' dir='ltr'><strong>aut</strong></span> 
     </span>
     <span class='ocr_line' id='line_1_25' title="bbox 169 1410 692 1473; baseline -0.006 -17"><span class='ocrx_word' id='word_1_127' title='bbox 169 1410 513 1473; x_wconf 86' lang='lat' dir='ltr'><strong>paenitentiae</strong></span> <span class='ocrx_word' id='word_1_128' title='bbox 536 1412 692 1454; x_wconf 86' lang='lat' dir='ltr'><strong>metu.</strong></span> 
     </span>
    </p>

    <p class='ocr_par' dir='ltr' id='par_1_5' title="bbox 86 1487 1673 2043">
     <span class='ocr_line' id='line_1_26' title="bbox 86 1487 1673 1552; baseline 0 -13"><span class='ocrx_word' id='word_1_129' title='bbox 86 1491 146 1540; x_wconf 88' lang='lat'><strong>16</strong></span> <span class='ocrx_word' id='word_1_130' title='bbox 256 1489 526 1537; x_wconf 90' lang='lat' dir='ltr'><strong>Considera</strong></span> <span class='ocrx_word' id='word_1_131' title='bbox 559 1494 617 1535; x_wconf 84' lang='lat' dir='ltr'><strong>tu</strong></span> <span class='ocrx_word' id='word_1_132' title='bbox 652 1491 841 1551; x_wconf 88' lang='lat' dir='ltr'><strong>itaque,</strong></span> <span class='ocrx_word' id='word_1_133' title='bbox 865 1502 932 1534; x_wconf 87' lang='lat' dir='ltr'><strong>an</strong></span> <span class='ocrx_word' id='word_1_134' title='bbox 965 1487 1019 1535; x_wconf 93' lang='lat' dir='ltr'><strong>id</strong></span> <span class='ocrx_word' id='word_1_135' title='bbox 1054 1487 1243 1535; x_wconf 91' lang='lat' dir='ltr'><strong>bonum</strong></span> <span class='ocrx_word' id='word_1_136' title='bbox 1278 1489 1559 1538; x_wconf 88' lang='lat' dir='ltr'><strong>vocandum</strong></span> <span class='ocrx_word' id='word_1_137' title='bbox 1590 1495 1673 1552; x_wconf 89' lang='lat' dir='ltr'><strong>sit,</strong></span> 
     </span>
     <span class='ocr_line' id='line_1_27' title="bbox 170 1568 1672 1637; baseline 0.001 -18"><span class='ocrx_word' id='word_1_138' title='bbox 170 1588 270 1637; x_wconf 93' lang='lat' dir='ltr'><strong>quo</strong></span> <span class='ocrx_word' id='word_1_139' title='bbox 306 1571 431 1619; x_wconf 92' lang='lat' dir='ltr'><strong>deus</strong></span> <span class='ocrx_word' id='word_1_140' title='bbox 466 1571 530 1617; x_wconf 91' lang='lat' dir='ltr'><strong>ab</strong></span> <span class='ocrx_word' id='word_1_141' title='bbox 564 1569 770 1617; x_wconf 90' lang='lat' dir='ltr'><strong>homine</strong></span> <span class='ocrx_word' id='word_1_142' title='bbox 798 1571 1027 1617; x_wconf 88' lang='lat' dir='ltr'><strong>vincitur.</strong></span> <span class='ocrx_word' id='word_1_143' title='bbox 1100 1568 1362 1617; x_wconf 90' lang='lat' dir='ltr'><strong>Summum</strong></span> <span class='ocrx_word' id='word_1_144' title='bbox 1396 1571 1584 1619; x_wconf 90' lang='lat' dir='ltr'><strong>bonum</strong></span> <span class='ocrx_word' id='word_1_145' title='bbox 1620 1577 1672 1622; x_wconf 89' lang='lat' dir='ltr'><strong>in</strong></span> 
     </span>
     <span class='ocr_line' id='line_1_28' title="bbox 170 1649 1673 1715; baseline 0.001 -15"><span class='ocrx_word' id='word_1_146' title='bbox 170 1656 337 1700; x_wconf 90' lang='lat' dir='ltr'><strong>animo</strong></span> <span class='ocrx_word' id='word_1_147' title='bbox 373 1655 750 1708; x_wconf 83' lang='lat' dir='ltr'><strong>contineamus3</strong></span> <span class='ocrx_word' id='word_1_148' title='bbox 792 1649 1076 1709; x_wconf 89' lang='lat' dir='ltr'><strong>obsolescit,</strong></span> <span class='ocrx_word' id='word_1_149' title='bbox 1111 1653 1152 1698; x_wconf 90' lang='lat' dir='ltr'><strong>si</strong></span> <span class='ocrx_word' id='word_1_150' title='bbox 1187 1651 1250 1698; x_wconf 89' lang='lat' dir='ltr'><strong>ab</strong></span> <span class='ocrx_word' id='word_1_151' title='bbox 1291 1655 1483 1715; x_wconf 89' lang='lat' dir='ltr'><strong>optima</strong></span> <span class='ocrx_word' id='word_1_152' title='bbox 1516 1657 1673 1702; x_wconf 84' lang='lat' dir='ltr'><strong>nostri</strong></span> 
     </span>
     <span class='ocr_line' id='line_1_29' title="bbox 171 1732 1658 1800; baseline 0.001 -17"><span class='ocrx_word' id='word_1_153' title='bbox 171 1741 315 1800; x_wconf 88' lang='lat' dir='ltr'><strong>parte</strong></span> <span class='ocrx_word' id='word_1_154' title='bbox 349 1734 414 1782; x_wconf 92' lang='lat' dir='ltr'><strong>ad</strong></span> <span class='ocrx_word' id='word_1_155' title='bbox 450 1737 718 1797; x_wconf 89' lang='lat' dir='ltr'><strong>pessimam</strong></span> <span class='ocrx_word' id='word_1_156' title='bbox 753 1735 935 1780; x_wconf 88' lang='lat' dir='ltr'><strong>transit</strong></span> <span class='ocrx_word' id='word_1_157' title='bbox 970 1738 1026 1780; x_wconf 92' lang='lat' dir='ltr'><strong>et</strong></span> <span class='ocrx_word' id='word_1_158' title='bbox 1060 1732 1362 1780; x_wconf 86' lang='lat' dir='ltr'><strong>transfertur</strong></span> <span class='ocrx_word' id='word_1_159' title='bbox 1383 1733 1447 1781; x_wconf 90' lang='lat' dir='ltr'><strong>ad</strong></span> <span class='ocrx_word' id='word_1_160' title='bbox 1483 1751 1658 1784; x_wconf 89' lang='lat' dir='ltr'><strong>sensus</strong></span> 
     </span>
     <span class='ocr_line' id='line_1_30' title="bbox 172 1813 1590 1882; baseline 0 -18"><span class='ocrx_word' id='word_1_161' title='bbox 172 1821 257 1882; x_wconf 91' lang='lat' dir='ltr'><strong>qui</strong></span> <span class='ocrx_word' id='word_1_162' title='bbox 282 1816 513 1880; x_wconf 87' lang='lat' dir='ltr'><strong>agiliores</strong></span> <span class='ocrx_word' id='word_1_163' title='bbox 537 1820 656 1862; x_wconf 89' lang='lat' dir='ltr'><strong>sunt</strong></span> <span class='ocrx_word' id='word_1_164' title='bbox 678 1813 976 1861; x_wconf 89' lang='lat' dir='ltr'><strong>animalibus</strong></span> <span class='ocrx_word' id='word_1_165' title='bbox 1000 1817 1168 1862; x_wconf 89' lang='lat' dir='ltr'><strong>mutis.</strong></span> <span class='ocrx_word' id='word_1_166' title='bbox 1243 1815 1357 1862; x_wconf 93' lang='lat' dir='ltr'><strong>Non</strong></span> <span class='ocrx_word' id='word_1_167' title='bbox 1381 1821 1460 1863; x_wconf 85' lang='lat' dir='ltr'><strong>est</strong></span> <span class='ocrx_word' id='word_1_168' title='bbox 1483 1832 1590 1864; x_wconf 89' lang='lat' dir='ltr'><strong>sum</strong></span> 
     </span>
     <span class='ocr_line' id='line_1_31' title="bbox 171 1895 1651 1959; baseline 0.001 -13"><span class='ocrx_word' id='word_1_169' title='bbox 171 1898 431 1947; x_wconf 87' lang='lat' dir='ltr'><strong>felicitatis</strong></span> <span class='ocrx_word' id='word_1_170' title='bbox 459 1902 660 1944; x_wconf 88' lang='lat' dir='ltr'><strong>nostrae</strong></span> <span class='ocrx_word' id='word_1_171' title='bbox 695 1899 748 1943; x_wconf 91' lang='lat' dir='ltr'><strong>in</strong></span> <span class='ocrx_word' id='word_1_172' title='bbox 784 1912 934 1943; x_wconf 88' lang='lat' dir='ltr'><strong>carne</strong></span> <span class='ocrx_word' id='word_1_173' title='bbox 969 1895 1236 1959; x_wconf 83' lang='lat' dir='ltr'><strong>ponenda3</strong></span> <span class='ocrx_word' id='word_1_174' title='bbox 1271 1897 1404 1944; x_wconf 90' lang='lat' dir='ltr'><strong>bona</strong></span> <span class='ocrx_word' id='word_1_175' title='bbox 1437 1897 1523 1946; x_wconf 88' lang='lat' dir='ltr'><strong>illa</strong></span> <span class='ocrx_word' id='word_1_176' title='bbox 1557 1915 1651 1947; x_wconf 89' lang='lat' dir='ltr'><strong>sun</strong></span> 
     </span>
     <span class='ocr_line' id='line_1_32' title="bbox 172 1977 1647 2043; baseline 0.001 -15"><span class='ocrx_word' id='word_1_177' title='bbox 172 1997 305 2039; x_wconf 88' lang='lat' dir='ltr'><strong>vera,</strong></span> <span class='ocrx_word' id='word_1_178' title='bbox 323 1995 453 2043; x_wconf 91' lang='lat' dir='ltr'><strong>quae</strong></span> <span class='ocrx_word' id='word_1_179' title='bbox 476 1981 603 2025; x_wconf 87' lang='lat' dir='ltr'><strong>ratio</strong></span> <span class='ocrx_word' id='word_1_180' title='bbox 622 1977 727 2037; x_wconf 90' lang='lat' dir='ltr'><strong>dat,</strong></span> <span class='ocrx_word' id='word_1_181' title='bbox 746 1977 905 2025; x_wconf 87' lang='lat' dir='ltr'><strong>solida</strong></span> <span class='ocrx_word' id='word_1_182' title='bbox 926 1994 985 2025; x_wconf 88' lang='lat' dir='ltr'><strong>ac</strong></span> <span class='ocrx_word' id='word_1_183' title='bbox 1004 1981 1325 2041; x_wconf 89' lang='lat' dir='ltr'><strong>sempiterna,</strong></span> <span class='ocrx_word' id='word_1_184' title='bbox 1343 1995 1472 2043; x_wconf 89' lang='lat' dir='ltr'><strong>quae</strong></span> <span class='ocrx_word' id='word_1_185' title='bbox 1497 1979 1647 2029; x_wconf 88' lang='lat' dir='ltr'><strong>cader</strong></span> 
     </span>
    </p>

    <p class='ocr_par' dir='ltr' id='par_1_6' title="bbox 91 2059 1673 2372">
     <span class='ocr_line' id='line_1_33' title="bbox 91 2059 1673 2125; baseline -0.001 -13"><span class='ocrx_word' id='word_1_186' title='bbox 91 2064 150 2113; x_wconf 85' lang='lat'><strong>17</strong></span> <span class='ocrx_word' id='word_1_187' title='bbox 174 2079 276 2110; x_wconf 91' lang='lat' dir='ltr'><strong>non</strong></span> <span class='ocrx_word' id='word_1_188' title='bbox 332 2066 559 2125; x_wconf 89' lang='lat' dir='ltr'><strong>possunt,</strong></span> <span class='ocrx_word' id='word_1_189' title='bbox 607 2076 674 2108; x_wconf 90' lang='lat' dir='ltr'><strong>ne</strong></span> <span class='ocrx_word' id='word_1_190' title='bbox 726 2059 1018 2107; x_wconf 88' lang='lat' dir='ltr'><strong>decrescere</strong></span> <span class='ocrx_word' id='word_1_191' title='bbox 1070 2059 1277 2124; x_wconf 89' lang='lat' dir='ltr'><strong>quidem</strong></span> <span class='ocrx_word' id='word_1_192' title='bbox 1327 2061 1451 2109; x_wconf 79' lang='lat' dir='ltr'><strong>aut²</strong></span> <span class='ocrx_word' id='word_1_193' title='bbox 1501 2065 1673 2112; x_wconf 89' lang='lat' dir='ltr'><strong>minui.</strong></span> 
     </span>
     <span class='ocr_line' id='line_1_34' title="bbox 177 2142 1651 2206; baseline 0 -14"><span class='ocrx_word' id='word_1_194' title='bbox 177 2145 358 2192; x_wconf 88' lang='lat' dir='ltr'><strong>Cetera</strong></span> <span class='ocrx_word' id='word_1_195' title='bbox 380 2145 617 2206; x_wconf 89' lang='lat' dir='ltr'><strong>opinione</strong></span> <span class='ocrx_word' id='word_1_196' title='bbox 649 2142 781 2188; x_wconf 91' lang='lat' dir='ltr'><strong>bona</strong></span> <span class='ocrx_word' id='word_1_197' title='bbox 805 2148 924 2189; x_wconf 89' lang='lat' dir='ltr'><strong>sunt</strong></span> <span class='ocrx_word' id='word_1_198' title='bbox 948 2147 1003 2189; x_wconf 93' lang='lat' dir='ltr'><strong>et</strong></span> <span class='ocrx_word' id='word_1_199' title='bbox 1036 2158 1223 2190; x_wconf 89' lang='lat' dir='ltr'><strong>nomen</strong></span> <span class='ocrx_word' id='word_1_200' title='bbox 1254 2142 1460 2206; x_wconf 89' lang='lat' dir='ltr'><strong>quidem</strong></span> <span class='ocrx_word' id='word_1_201' title='bbox 1485 2143 1651 2192; x_wconf 88' lang='lat' dir='ltr'><strong>haben</strong></span> 
     </span>
     <span class='ocr_line' id='line_1_35' title="bbox 176 2223 1659 2287; baseline 0.001 -14"><span class='ocrx_word' id='word_1_202' title='bbox 176 2240 442 2274; x_wconf 90' lang='lat' dir='ltr'><strong>commune</strong></span> <span class='ocrx_word' id='word_1_203' title='bbox 466 2240 583 2271; x_wconf 91' lang='lat' dir='ltr'><strong>cum</strong></span> <span class='ocrx_word' id='word_1_204' title='bbox 606 2227 753 2282; x_wconf 88' lang='lat' dir='ltr'><strong>veris,</strong></span> <span class='ocrx_word' id='word_1_205' title='bbox 777 2227 1055 2287; x_wconf 82' lang='lat' dir='ltr'><strong>proprietas</strong></span> <span class='ocrx_word' id='word_1_206' title='bbox 1086 2227 1140 2271; x_wconf 91' lang='lat' dir='ltr'><strong>in</strong></span> <span class='ocrx_word' id='word_1_207' title='bbox 1171 2223 1270 2271; x_wconf 89' lang='lat' dir='ltr'><strong>illis</strong></span> <span class='ocrx_word' id='word_1_208' title='bbox 1304 2224 1424 2271; x_wconf 92' lang='lat' dir='ltr'><strong>boni</strong></span> <span class='ocrx_word' id='word_1_209' title='bbox 1454 2242 1557 2273; x_wconf 90' lang='lat' dir='ltr'><strong>non</strong></span> <span class='ocrx_word' id='word_1_210' title='bbox 1581 2233 1659 2274; x_wconf 89' lang='lat' dir='ltr'><strong>est</strong></span> 
     </span>
     <span class='ocr_line' id='line_1_36' title="bbox 178 2304 1662 2372; baseline 0 -17"><span class='ocrx_word' id='word_1_211' title='bbox 178 2307 358 2370; x_wconf 88' lang='lat' dir='ltr'><strong>Itaque</strong></span> <span class='ocrx_word' id='word_1_212' title='bbox 382 2304 644 2353; x_wconf 89' lang='lat' dir='ltr'><strong>commoda</strong></span> <span class='ocrx_word' id='word_1_213' title='bbox 668 2310 912 2352; x_wconf 88' lang='lat' dir='ltr'><strong>vocentur</strong></span> <span class='ocrx_word' id='word_1_214' title='bbox 934 2311 1005 2364; x_wconf 88' lang='lat' dir='ltr'><strong>et,</strong></span> <span class='ocrx_word' id='word_1_215' title='bbox 1023 2310 1083 2353; x_wconf 92' lang='lat' dir='ltr'><strong>ut</strong></span> <span class='ocrx_word' id='word_1_216' title='bbox 1104 2311 1275 2353; x_wconf 89' lang='lat' dir='ltr'><strong>nostra</strong></span> <span class='ocrx_word' id='word_1_217' title='bbox 1293 2304 1465 2369; x_wconf 90' lang='lat' dir='ltr'><strong>lingua</strong></span> <span class='ocrx_word' id='word_1_218' title='bbox 1488 2307 1662 2372; x_wconf 88' lang='lat' dir='ltr'><strong>loquar</strong></span> 
     </span>
    </p>
   </div>
   <div class='ocr_carea' id='block_1_4' title="bbox 595 2407 1261 2510">
    <p class='ocr_par' dir='ltr' id='par_1_7' title="bbox 595 2407 1261 2510">
     <span class='ocr_line' id='line_1_37' title="bbox 640 2407 1212 2462; baseline 0.002 -12"><span class='ocrx_word' id='word_1_219' title='bbox 640 2409 655 2434; x_wconf 83' lang='lat'>¹</span> <span class='ocrx_word' id='word_1_220' title='bbox 683 2422 773 2451; x_wconf 79' lang='lat' dir='ltr'><strong>mm</strong></span> <span class='ocrx_word' id='word_1_221' title='bbox 790 2407 940 2450; x_wconf 86' lang='lat' dir='ltr'><strong>added</strong></span> <span class='ocrx_word' id='word_1_222' title='bbox 958 2408 1020 2462; x_wconf 86' lang='lat' dir='ltr'><strong>by</strong></span> <span class='ocrx_word' id='word_1_223' title='bbox 1041 2407 1212 2452; x_wconf 89' lang='lat' dir='ltr'><strong>Hense.</strong></span> 
     </span>
     <span class='ocr_line' id='line_1_38' title="bbox 595 2461 1261 2510; baseline 0.002 -6"><span class='ocrx_word' id='word_1_224' title='bbox 595 2462 614 2488; x_wconf 78' lang='lat'>²</span> <span class='ocrx_word' id='word_1_225' title='bbox 640 2468 719 2504; x_wconf 74' lang='lat' dir='ltr'><strong>aut</strong></span> <span class='ocrx_word' id='word_1_226' title='bbox 737 2462 850 2505; x_wconf 81' lang='lat' dir='ltr'><strong>later</strong></span> <span class='ocrx_word' id='word_1_227' title='bbox 870 2461 1001 2505; x_wconf 93' lang='lat' dir='ltr'><strong>MSS.</strong></span> <span class='ocrx_word' id='word_1_228' title='bbox 1023 2479 1034 2510; x_wconf 79' lang='lat'>3</span> <span class='ocrx_word' id='word_1_229' title='bbox 1063 2477 1114 2504; x_wconf 79' lang='lat' dir='ltr'><strong>ac</strong></span> <span class='ocrx_word' id='word_1_230' title='bbox 1133 2462 1261 2506; x_wconf 89' lang='lat' dir='ltr'><strong>VPb.</strong></span> 
     </span>
    </p>
   </div>
   <div class='ocr_carea' id='block_1_5' title="bbox 184 2528 1548 2665">
    <p class='ocr_par' dir='ltr' id='par_1_8' title="bbox 184 2528 1548 2665">
     <span class='ocr_line' id='line_1_39' title="bbox 184 2528 1548 2605; baseline 0.003 -15"><span class='ocrx_word' id='word_1_231' title='bbox 184 2528 1548 2605; x_wconf 52' lang='lat' dir='ltr'><strong>mmm</strong></span> 
     </span>
     <span class='ocr_line' id='line_1_40' title="bbox 186 2622 280 2665; baseline -0.021 0"><span class='ocrx_word' id='word_1_232' title='bbox 186 2622 280 2665; x_wconf 77' lang='lat'><strong>122</strong></span> 
     </span>
    </p>
   </div>
  </div>
 </body>
</html>
