1702 2918
419 182 567 230 THE
604 183 925 232 EPISTLES
961 183 1053 232 OF
1088 183 1355 232 SENECA
1691 0 1702 200 ι

139 290 226 337 diu
245 292 526 354 cogitando.
578 292 826 340 Audimus
843 293 1111 357 aliquando
1129 309 1274 341 voces
1292 296 1635 357 imperitorum

140 357 448 405 dicentium:
497 364 528 386 “
544 361 762 407 sciebam
778 362 795 392 1
833 361 928 408 hoc
970 360 1092 408 mihi
1130 367 1316 409 restare
1333 361 1359 377 ''
1382 377 1394 417 3
1440 363 1635 422 sapiens
1683 404 1689 423 ⁴

140 427 234 472 scit
269 426 360 472 sibi
390 430 556 473 omnia
587 434 788 475 restare.
861 427 1116 492 Quicquid
1147 428 1337 476 factum
1365 433 1459 486 est,
1483 427 1635 474 dicit:
1678 432 1698 466 ⁹.

141 495 174 518 “
189 493 455 540 sciebam.”
526 493 677 542 VALE.

762 692 1021 741 LXXVII.

478 791 673 839 SENECA
710 790 912 838 Lvmmo
950 807 1037 839 svo
1075 807 1294 839 SALVTEM

143 964 367 1015 ruerunt,
392 974 521 1021 quae
546 960 802 1020 praemitti
826 957 993 1004 solent
1024 964 1079 1005 et
1109 961 1342 1005 nuntiare
1378 964 1639 1006 secuturae

143 1025 310 1072 classis
328 1025 636 1081 adventum;
669 1024 954 1072 tabellarias
973 1032 1167 1073 vocant.
1239 1024 1425 1072 Gratus
1445 1025 1638 1072 illarum

146 1093 447 1155 Campaniae
478 1098 710 1155 aspectus
743 1099 850 1149 est3
887 1095 1048 1140 omnis
1081 1096 1135 1139 in
1169 1091 1284 1156 pilis
1318 1091 1639 1139 Puteolorum

145 1160 293 1207 turba
326 1163 555 1206 consistit
591 1166 645 1207 et
687 1176 750 1207 ex
791 1163 899 1223 ipso
939 1175 1127 1222 genere
1163 1159 1386 1207 velorum
1422 1160 1640 1207 Alexan-

28 1261 122 1319 ”Y
144 1227 312 1274 drinas
351 1230 576 1290 quamvis
621 1230 674 1273 in
720 1243 904 1289 magna
944 1227 1091 1274 turba
1126 1230 1328 1274 navium
1367 1227 1636 1290 intellegit.

0 1282 61 1340 'Li
145 1293 272 1342 Solis
291 1297 427 1342 em'm
446 1294 567 1342 licet
584 1297 801 1357 siparum
820 1294 1105 1352 intendere,
1121 1294 1256 1358 quod
1267 1299 1463 1361 §.fl-4³⁵*
1476 1310 1640 1342 mnes

94 1362 122 1408 2
146 1362 338 1409 habent
361 1378 525 1409 naves.
599 1361 752 1408 Nulla
776 1365 911 1409 enim
935 1377 1014 1409 res
1037 1378 1198 1425 aeque
1216 1379 1268 1408 a
1281 1367 1421 1408 iuvat
1443 1378 1640 1409 cursum
1686 1423 1689 1427 Ι

145 1446 295 1493 quam
319 1429 803 1492 summa-parsyeln
838 1428 977 1476 illinc
1005 1433 1221 1476 maxime
1253 1432 1392 1475 navis
1416 1435 1637 1492 urgetur.
1688 1430 1693 1450 ³

147 1497 325 1560 Itaque
351 1500 584 1560 quotiens
610 1502 790 1543 ventus
813 1497 1089 1543 increbruit
1112 1499 1365 1559 maiorque
1390 1502 1468 1543 est
1491 1512 1640 1560 quam

146 1564 371 1627 expedit,
402 1581 467 1610 an
702 1567 949 1612 ummittit
1025 1579 1036 1590 ·
1131 1566 1244 1610 inus
1277 1562 1433 1612 habet
1465 1567 1640 1610 virium
1701 1587 1702 1590 ¹

145 1630 290 1679 flatus
314 1647 376 1679 ex
438 1631 579 1678 umili
667 1631 791 1678 Cum
816 1638 1067 1679 intravere
1092 1630 1305 1694 Capreas
1329 1639 1384 1678 et
1406 1647 1640 1694 promun-
1696 1669 1702 1701 ·.

146 1703 350 1758 turium,
376 1715 438 1746 ex
463 1715 562 1762 quo
642 1715 648 1719 ’
1695 1722 1702 1748 ι

387 1784 496 1827 Alta
514 1785 758 1839 procelloso
777 1785 1033 1839 speculatur
1050 1786 1216 1827 vertice
1235 1783 1398 1834 Pallas,
1690 1789 1702 2249 ¹

1679 540 1702 705 Ξ

1680 776 1690 803 l

92 893 116 941 1
227 888 405 938 Subito
452 890 595 937 nobis
652 889 805 937 hodie
863 890 1234 937 Alexandrinae
1290 906 1442 938 naves
1487 907 1639 954 appa·
1680 813 1702 966 ξ

147 1879 347 1922 ceterae
404 1872 517 1920 velo
574 1873 816 1920 iubentur
873 1889 982 1921 esse
1041 1878 1312 1921 contentae
1332 1888 1345 1930 3
1425 1875 1643 1935 siparum

147 1939 602 1989 Alexandrinarum
627 1943 826 2003 insigne
851 1940 968 1988 est.2
1460 1954 1500 1964 ‘
1559 1950 1577 1953 “
1671 1952 1675 1954 ’

93 2000 123 2048 3
232 2008 293 2055 In
310 2008 403 2055 hoc
418 2011 642 2054 omnium
657 2007 881 2055 discursu
899 2010 1274 2071 properantium
1289 2007 1353 2055 ad
1371 2006 1491 2055 litus
1504 2023 1643 2070 mag-

145 2092 262 2123 nam
287 2091 349 2123 ex
374 2078 575 2138 pigritia
598 2091 712 2123 mea
735 2079 867 2122 sensi
894 2075 1220 2138 voluptatem,
1245 2074 1380 2140 quod
1406 2074 1643 2138 epistulas

146 2159 371 2191 meorum
389 2149 686 2206 accepturus
703 2159 806 2190 non
823 2146 1083 2206 properavi
1102 2146 1244 2201 scire,
1262 2146 1373 2206 quis
1391 2141 1492 2190 illic
1511 2148 1644 2190 esset

216 2229 230 2255 ¹
259 2228 355 2270 The
383 2228 459 2270 old
487 2228 654 2270 editors
683 2228 790 2269 read
818 2228 1068 2277 nesciebam,
1098 2227 1244 2270 which
1272 2240 1420 2270 seems
1447 2241 1571 2270 more
1597 2229 1643 2269 in
1689 2238 1702 2259 ἱ-

147 2283 308 2326 accord
329 2283 436 2324 with
456 2282 534 2324 the
553 2285 804 2336 argument.

214 2337 232 2363 ²
258 2337 471 2390 indicium
490 2337 644 2378 before
662 2343 722 2378 est
741 2335 920 2378 deleted
939 2336 1001 2390 by
1022 2335 1241 2380 Muretus.

214 2430 236 2451 ‘⁸
265 2421 455 2470 Puteoli,
477 2423 522 2462 in
542 2421 620 2462 the
639 2421 730 2475 bay
749 2421 804 2463 of
819 2420 1003 2475 Naples,
1026 2434 1118 2463 was
1141 2421 1220 2462 the
1239 2420 1580 2475 head-quarters
1598 2423 1644 2462 in
1691 2411 1702 2467 2

151 2476 269 2531 Italy
287 2477 339 2518 of
353 2476 431 2518 the
451 2478 695 2529 important
713 2475 989 2529 grain-trade
1008 2475 1115 2517 with
1137 2475 1304 2529 Egypt,
1326 2489 1385 2517 on
1404 2475 1548 2517 which
1568 2475 1645 2516 the
1690 2470 1702 2520 ς.

151 2531 327 2573 Roman
348 2532 634 2584 magistrates
655 2529 791 2571 relied
810 2532 859 2571 to
878 2529 982 2571 feed
999 2529 1078 2571 the
1096 2529 1326 2584 populace.
1691 2532 1702 2571 ἲ

217 2587 234 2612 ⁶
260 2584 441 2627 Author
458 2583 702 2626 unknown.

153 2649 245 2699 168
