1702 2918
464 131 611 179 THE
647 131 970 180 Ems‘rLEs
1006 131 1098 180 OF
1131 131 1398 179 SENECA
1656 92 1677 143 '²'

179 255 243 286 ne
267 240 456 286 tardior
486 240 709 304 quidem,
733 244 969 304 quoniam
999 241 1216 289 multum
1249 245 1480 301 interest,
1503 167 1694 318 utruug}

97 335 157 382 18
176 327 367 391 aliquid
401 329 571 376 obstet
610 335 827 388 tantum,
861 346 927 376 an
971 329 1213 393 inpediat.
1284 330 1479 378 Eodem
1522 315 1663 379 mod
1672 329 1678 375 l

179 419 352 463 virtuti
387 420 617 480 opposita
646 416 774 464 nihil
797 417 1102 476 detrahunt3
1135 435 1240 466 non
1269 424 1348 466 e'st
1383 422 1558 478 minor,
1582 410 1702 492 sara

179 506 343 551 minus
367 504 546 568 fulget.
621 505 777 553 Nobis
812 505 1021 553 forsitan
1043 523 1145 554 non
1179 523 1340 570 aeque
1373 513 1583 570 apparet
1625 529 1630 548 .·
1658 503 1702 574 ΓΕΔ

180 596 329 652 nitet,
353 594 446 640 sibi
471 594 650 641 eadem
674 601 754 642 est
788 601 843 642 et
865 611 1004 643 more
1032 595 1148 643 solis
1179 595 1374 643 obscuri
1400 599 1454 642 in
1477 595 1641 643 occul
1674 591 1702 626 Γ

182 685 281 728 vim
327 697 468 729 suam
503 689 720 731 exercet.
794 683 909 730 Hoc
952 686 1124 748 itaque
1160 683 1395 732 adversus
1434 689 1611 731 virtut·
1701 677 1702 686 ³

182 777 391 834 possunt
442 771 752 819 calamitates
807 778 863 820 et
919 771 1103 820 damna
1155 777 1210 820 et
1265 776 1491 831 iniuriae,
1540 787 1627 837 qu
1686 760 1699 790 Ὗ

181 858 415 906 adversus
439 859 595 907 solem
619 866 789 923 potest
812 859 1012 908 nebula.

100 954 159 1002 19
271 947 546 1006 Invenitur,
593 951 680 1012 qui
725 949 863 996 dicat
913 951 1195 1012 sapientem
1242 966 1446 1013 corpore
1516 971 1528 993 ο

185 1052 418 1100 prospero
443 1053 588 1084 usum
619 1053 714 1085 nec
748 1040 985 1085 miserum
1010 1053 1120 1086 esse
1153 1053 1249 1085 nec
1283 1038 1502 1086 beatum.
1575 1038 1645 1085 H‘

184 1141 384 1191 quoque
431 1125 638 1184 fallitur,
680 1131 929 1189 exaequat
975 1129 1110 1173 enim
1157 1125 1366 1174 fortuita
1411 1127 1639 1175 virtutib

186 1218 240 1259 et
279 1212 592 1260 tantundem
634 1218 817 1260 tribuit
865 1212 1091 1262 honestis
1130 1221 1376 1278 quantum
1411 1215 1652 1264 honesta
1689 1222 1699 1284 J¹

186 1303 485 1349 carentibus.
559 1301 697 1360 Quid
755 1307 926 1350 autem
986 1301 1199 1362 foedius,
1245 1303 1368 1368 quid
1424 1303 1641 1368 indigni·
1680 1358 1681 1362 Ἰ

186 1407 335 1454 quam
361 1393 634 1454 comparari
659 1390 944 1439 veneranda
972 1394 1314 1454 contemptis?
1382 1391 1661 1441 Veneran·'
1677 1395 1702 1433 '=

187 1483 321 1527 enim
348 1485 468 1527 sunt
498 1482 705 1538 iustitia,
729 1483 908 1543 pietas,
932 1479 1073 1539 fides,
1097 1479 1357 1539 fortitudo,
1381 1481 1651 1545 prudentia

186 1585 216 1616 e
240 1571 488 1616 contrario
512 1568 629 1615 vilia
652 1575 787 1627 sunt,
805 1584 934 1633 quae
959 1585 1109 1633 saepe
1134 1573 1437 1634 contingunt
1459 1569 1627 1634 plenio
1652 1575 1702 1600 ·

189 1658 450 1716 vilissimis,
498 1674 608 1706 crus
654 1658 870 1706 solidum
917 1665 972 1707 et
1022 1659 1237 1706 lacertus
1283 1665 1339 1707 et
1390 1658 1572 1708 dentes
1639 1647 1687 1700 ἕ

104 1759 166 1807 20
190 1747 442 1795 tororum¹
490 1750 675 1794 sanitas
721 1747 1040 1812 firmitasque.
1136 1747 1336 1796 Deinde
1383 1751 1424 1795 si
1469 1751 1629 1813 sapie·
1655 1742 1702 1821 '¹

189 1839 269 1883 cui
304 1852 481 1899 corpus
527 1835 797 1883 molestum
833 1841 927 1894 est,
963 1852 1058 1883 nec
1091 1839 1243 1884 miser
1276 1835 1544 1884 habebitur
1587 1852 1671 1909 n)

192 1927 383 1984 beatuS,
408 1925 498 1973 sed
532 1929 584 1972 in
619 1924 822 1973 medio2
856 1924 1187 1989 relinquetur,
1211 1928 1314 1973 vita
1348 1941 1548 1990 quoque
1577 1929 1624 1974 ei
1652 1956 1693 1993 1-ιέ

190 2032 284 2064 nec
307 2014 597 2079 adpetenda
632 2017 729 2061 erit
758 2030 855 2062 nec
885 2013 1137 2077 fugienda.
1211 2013 1350 2073 Quid
1385 2021 1556 2062 autem
1612 2037 1617 2055 =

190 2104 460 2152 absurdum
505 2119 656 2167 quam
702 2105 943 2166 sapientis
996 2106 1152 2150 vitam
1196 2102 1537 2166 adpetendam
1581 2119 1666 2151 no

191 2194 336 2241 esse?
405 2192 514 2239 Aut
537 2191 658 2256 quid
682 2198 788 2240 tam
812 2197 954 2239 extra
979 2191 1130 2239 fidem
1162 2208 1312 2256 quam
1336 2208 1444 2240 esse
1467 2191 1618 2256 aliqu
1644 2214 1665 2233 u
1691 2194 1700 2220 ’

192 2285 345 2330 vitam
378 2297 475 2328 nec
509 2280 850 2344 adpetendam
884 2296 980 2328 nec
1014 2279 1344 2344 fugiendam?
1414 2279 1615 2328 Deinde
1648 2243 1702 2325 :1¹¹1

257 2424 272 2450 ¹
302 2428 498 2465 tororum»
534 2420 629 2474 Cap
662 2433 714 2469 s·
740 2420 895 2464 horwm
933 2419 1099 2470 MSS.;
1137 2426 1372 2463 ceterorum
1409 2420 1652 2464 Buecheler

191 2475 638 2573 ηθζυίέζιιωτῖιῑειιίξιξῖἓῗὲι·
655 2488 824 2576 {lissa
813 2530 989 2571 ·medio
1010 2528 1093 2571 BA

192 2603 287 2645 458
