1702 2918
486 151 634 198 THE
669 151 989 199 EPISTLES
1025 150 1116 198 OF
1151 150 1418 198 SENECA

207 261 330 308 mihi
358 265 470 320 ista,
494 277 623 325 quae
654 261 820 320 laud0,
843 260 1070 308 nondum
1101 259 1393 323 persuadeo.
1464 260 1632 307 Etiam
1655 262 1695 307 si

207 347 576 406 persuasissem,
599 343 825 390 nondum
858 348 964 390 tam
995 349 1167 406 parata
1196 342 1435 389 haberem
1469 348 1557 389 aut
1593 347 1695 388 tam

123 423 182 472 31
209 428 497 483 exercitata,
515 430 574 471 ut
591 423 654 471 ad
673 440 847 471 omnes
866 440 1006 471 casus
1024 429 1384 487 procurrerent.
1445 422 1699 481 Quemad-

208 505 415 552 modum
446 505 561 552 lana
588 504 829 569 quosdam
864 505 1052 552 colores
1087 505 1244 552 semel
1279 504 1434 561 ducit,
1459 503 1700 567 quosdam

208 589 305 634 nisi
345 590 542 649 saepius
581 592 833 634 macerata
867 591 922 634 et
954 592 1154 633 recocta
1192 602 1294 632 non
1336 585 1583 648 perbibit3
1630 587 1700 631 sic

207 667 329 716 alias
384 667 671 731 disciplinas
727 670 947 731 ingenia,
1000 683 1114 714 cum
1172 682 1427 728 accepere,
1474 668 1700 728 protinus

208 755 483 813 praestant,
528 749 671 808 haec,
716 751 812 796 nisi
858 749 960 796 alte
1013 747 1279 796 descendit
1331 752 1386 794 et
1436 746 1523 794 diu
1569 745 1702 793 sedit

209 837 264 879 et
297 835 520 878 animum
553 847 656 877 non
691 830 947 889 coloravit,
983 829 1074 877 sed
1113 828 1307 887 infecit,
1341 827 1468 875 nihil
1505 843 1568 875 ex
1607 826 1702 886 his,

122 918 185 966 32
208 929 338 976 quae
372 916 681 976 promiserat,
706 917 943 975 praestat.
1015 910 1128 958 Cito
1163 910 1259 958 hoc
1293 916 1464 973 potest
1493 908 1625 957 tradi
1648 913 1702 957 et

208 998 517 1058 paucissimis
566 994 759 1041 verbis:
818 1009 975 1040 unum
1032 993 1220 1039 bonum
1279 1007 1388 1039 esse
1446 994 1702 1048 virtutem,

207 1075 404 1122 nullum
428 1081 566 1122 certe
591 1078 698 1122 sine
723 1078 927 1132 virtute,
952 1079 1007 1121 et
1037 1076 1197 1136 ipsam
1221 1075 1460 1119 virtutem
1483 1074 1536 1118 in
1559 1077 1702 1135 parte

207 1160 365 1204 nostri
399 1156 623 1215 meliore,
654 1155 707 1203 id
743 1161 822 1204 est
855 1155 1102 1214 rationali,
1135 1158 1361 1218 positam.
1434 1153 1571 1213 Quid
1606 1156 1702 1201 erit

206 1237 333 1287 haec
356 1241 549 1286 virtus?
619 1238 867 1285 Iudicium
890 1253 1064 1285 verum
1087 1242 1143 1284 et
1169 1239 1430 1283 inmotum.
1502 1235 1583 1282 Ab
1607 1233 1702 1282 hoc

208 1323 345 1368 enim
371 1323 591 1383 impetus
614 1323 823 1367 venient
853 1322 1055 1378 mentis,
1078 1318 1143 1366 ab
1173 1317 1269 1365 hoc
1301 1321 1461 1365 omnis
1493 1319 1701 1380 species,

121 1407 184 1454 33
208 1417 337 1466 quae
368 1405 617 1465 impetum
639 1407 826 1459 movet,
851 1400 1112 1464 redigetur
1134 1399 1199 1447 ad
1230 1398 1490 1463 liquidum.
1565 1398 1702 1444 Huic

206 1483 392 1531 iudicio
426 1490 819 1532 consentaneum
855 1486 952 1530 erit
986 1485 1167 1540 omnia,
1199 1497 1328 1545 quae
1362 1484 1548 1528 virtute
1585 1495 1701 1527 con·

207 1570 344 1613 tacta
367 1571 502 1624 sunt,
526 1571 582 1614 et
606 1566 736 1612 bona
758 1565 979 1613 iudicare
1003 1571 1057 1612 et
1080 1567 1216 1611 inter
1239 1579 1292 1611 se
1316 1566 1466 1626 paria.

294 1645 565 1710 Corporum
605 1652 778 1694 autem
823 1647 954 1693 bona
991 1645 1278 1709 corporibus
1324 1643 1527 1708 quidem
1569 1643 1702 1691 bona

207 1733 342 1786 sunt,
383 1727 474 1775 sed
519 1730 572 1775 in
617 1733 783 1775 totum
822 1744 926 1774 non
963 1732 1082 1774 sunt
1120 1727 1265 1774 bona.
1339 1725 1436 1772 His
1482 1727 1702 1788 pretium

206 1809 413 1874 quidem
459 1813 557 1858 erit
611 1809 832 1874 aliquod,
877 1815 1103 1857 ceterum
1160 1808 1379 1871 dignitas
1425 1823 1527 1854 non
1574 1807 1702 1865 erit}

205 1895 400 1956 magnis
434 1895 569 1940 inter
606 1908 661 1940 se
701 1891 974 1939 intervallis
1014 1890 1306 1947 distabunt3
1356 1888 1453 1936 alia
1491 1891 1699 1945 minora,

120 1978 183 2026 34
205 1972 302 2020 alia
324 1977 509 2021 maiora
532 1979 695 2022 erunt.
767 1973 836 2021 Et
858 1976 911 2020 in
933 1975 1052 2036 ipsis
1071 1975 1367 2035 sapientiam
1391 1969 1699 2022 sectantibus

204 2071 389 2118 magna
419 2055 705 2102 discrimina
735 2071 845 2102 esse
877 2053 1125 2102 fateamur
1153 2069 1360 2101 necesse
1392 2058 1482 2100 est.
1554 2049 1699 2101 Alius

204 2139 304 2184 iam
339 2140 394 2184 in
429 2143 629 2185 tantum
666 2135 895 2200 profecit,
926 2142 986 2184 ut
1019 2142 1193 2184 contra
1227 2135 1478 2182 fortunam
1513 2131 1699 2180 audeat

204 2218 449 2266 adtollere
480 2218 665 2277 oculos,
690 2218 779 2266 sed
812 2234 915 2265 non
949 2220 1291 2280 pertinaciter,
1315 2216 1503 2263 cadunt
1519 2214 1535 2245 ¹
1561 2216 1702 2261 enim

204 2301 360 2347 nimio
405 2300 672 2364 splendore
730 2302 1040 2363 praestricti;
1096 2298 1221 2345 alius
1271 2300 1325 2344 in
1375 2303 1591 2354 tantum,
1638 2298 1702 2342 uti

447 2407 463 2434 ¹
491 2408 653 2449 cadum
672 2407 827 2449 Haase
843 2423 855 2455 ς
885 2408 1039 2449 cedunt
1057 2419 1108 2448 or
1127 2406 1309 2447 caedrum
1329 2403 1458 2446 MSS.

207 2468 1695 2553 mm

206 2553 295 2611 Ep.
318 2555 346 2597 i.
375 2558 435 2596 10.
460 2556 530 2603 27,
551 2553 603 2595 of
616 2554 777 2596 vellera
787 2552 994 2608 potantia
1002 2551 1174 2607 fumun.

207 2623 273 2677 92
