<?xml version="1.0" encoding="UTF-8"?>
<!DOCTYPE html PUBLIC "-//W3C//DTD XHTML 1.0 Transitional//EN"
    "http://www.w3.org/TR/xhtml1/DTD/xhtml1-transitional.dtd">
<html xmlns="http://www.w3.org/1999/xhtml" xml:lang="en" lang="en">
 <head>
  <title>
</title>
<meta http-equiv="Content-Type" content="text/html;charset=utf-8" />
  <meta name='ocr-system' content='tesseract 3.04.00' />
  <meta name='ocr-capabilities' content='ocr_page ocr_carea ocr_par ocr_line ocrx_word'/>
</head>
<body>
  <div class='ocr_page' id='page_1' title='image "adluciliumepistu02seneuoft_0426.png"; bbox 0 0 1702 2918; ppageno 0'>
   <div class='ocr_carea' id='block_1_1' title="bbox 496 122 1432 172">
    <p class='ocr_par' dir='ltr' id='par_1_1' title="bbox 496 122 1432 172">
     <span class='ocr_line' id='line_1_1' title="bbox 496 122 1432 172; baseline 0 -2"><span class='ocrx_word' id='word_1_1' title='bbox 496 123 644 170; x_wconf 91' lang='lat' dir='ltr'><strong>THE</strong></span> <span class='ocrx_word' id='word_1_2' title='bbox 679 122 1001 172; x_wconf 92' lang='lat' dir='ltr'>EPISTLES</span> <span class='ocrx_word' id='word_1_3' title='bbox 1038 123 1129 171; x_wconf 83' lang='lat' dir='ltr'><strong>OF</strong></span> <span class='ocrx_word' id='word_1_4' title='bbox 1164 123 1432 172; x_wconf 91' lang='lat' dir='ltr'>SENECA</span> 
     </span>
    </p>
   </div>
   <div class='ocr_carea' id='block_1_2' title="bbox 130 233 1702 1985">
    <p class='ocr_par' dir='ltr' id='par_1_2' title="bbox 131 233 1702 920">
     <span class='ocr_line' id='line_1_2' title="bbox 216 233 1702 299; baseline 0.002 -19"><span class='ocrx_word' id='word_1_5' title='bbox 216 237 332 291; x_wconf 85' lang='lat' dir='ltr'><strong>vita,</strong></span> <span class='ocrx_word' id='word_1_6' title='bbox 355 233 431 280; x_wconf 91' lang='lat' dir='ltr'><strong>illi</strong></span> <span class='ocrx_word' id='word_1_7' title='bbox 466 238 621 281; x_wconf 89' lang='lat' dir='ltr'><strong>vitam</strong></span> <span class='ocrx_word' id='word_1_8' title='bbox 656 238 884 282; x_wconf 88' lang='lat' dir='ltr'><strong>ornantia</strong></span> <span class='ocrx_word' id='word_1_9' title='bbox 919 235 1151 299; x_wconf 91' lang='lat' dir='ltr'><strong>quoque1</strong></span> <span class='ocrx_word' id='word_1_10' title='bbox 1187 239 1440 292; x_wconf 82' lang='lat' dir='ltr'><strong>serviunt3</strong></span> <span class='ocrx_word' id='word_1_11' title='bbox 1482 240 1702 283; x_wconf 85' lang='lat' dir='ltr'><strong>ceterum</strong></span> 
     </span>
     <span class='ocr_line' id='line_1_3' title="bbox 213 321 1702 385; baseline 0.001 -17"><span class='ocrx_word' id='word_1_12' title='bbox 213 321 277 368; x_wconf 91' lang='lat' dir='ltr'><strong>ad</strong></span> <span class='ocrx_word' id='word_1_13' title='bbox 300 324 507 370; x_wconf 88' lang='lat' dir='ltr'><strong>beatum</strong></span> <span class='ocrx_word' id='word_1_14' title='bbox 539 330 727 371; x_wconf 90' lang='lat' dir='ltr'><strong>statum</strong></span> <span class='ocrx_word' id='word_1_15' title='bbox 761 324 944 382; x_wconf 87' lang='lat' dir='ltr'><strong>tendit,</strong></span> <span class='ocrx_word' id='word_1_16' title='bbox 968 323 1055 370; x_wconf 91' lang='lat' dir='ltr'><strong>illo</strong></span> <span class='ocrx_word' id='word_1_17' title='bbox 1090 324 1247 382; x_wconf 89' lang='lat' dir='ltr'><strong>ducit,</strong></span> <span class='ocrx_word' id='word_1_18' title='bbox 1270 324 1358 370; x_wconf 92' lang='lat' dir='ltr'><strong>illo</strong></span> <span class='ocrx_word' id='word_1_19' title='bbox 1393 326 1495 370; x_wconf 88' lang='lat' dir='ltr'><strong>vias</strong></span> <span class='ocrx_word' id='word_1_20' title='bbox 1530 325 1702 385; x_wconf 87' lang='lat' dir='ltr'><strong>aperit.</strong></span> 
     </span>
     <span class='ocr_line' id='line_1_4' title="bbox 131 409 1702 475; baseline 0.001 -19"><span class='ocrx_word' id='word_1_21' title='bbox 131 415 194 463; x_wconf 80' lang='lat'><strong>28</strong></span> <span class='ocrx_word' id='word_1_22' title='bbox 215 409 358 468; x_wconf 80' lang='lat' dir='ltr'><strong>Quae</strong></span> <span class='ocrx_word' id='word_1_23' title='bbox 395 414 496 458; x_wconf 90' lang='lat' dir='ltr'><strong>sint</strong></span> <span class='ocrx_word' id='word_1_24' title='bbox 531 411 676 471; x_wconf 85' lang='lat' dir='ltr'><strong>mala,</strong></span> <span class='ocrx_word' id='word_1_25' title='bbox 701 429 828 475; x_wconf 88' lang='lat' dir='ltr'><strong>quae</strong></span> <span class='ocrx_word' id='word_1_26' title='bbox 866 412 1131 460; x_wconf 86' lang='lat' dir='ltr'><strong>videantur</strong></span> <span class='ocrx_word' id='word_1_27' title='bbox 1164 412 1403 470; x_wconf 80' lang='lat' dir='ltr'>ostendit,</span> <span class='ocrx_word' id='word_1_28' title='bbox 1433 415 1702 458; x_wconf 85' lang='lat' dir='ltr'><strong>vanitatem</strong></span> 
     </span>
     <span class='ocr_line' id='line_1_5' title="bbox 215 500 1702 564; baseline 0 -19"><span class='ocrx_word' id='word_1_29' title='bbox 215 503 356 547; x_wconf 82' lang='lat' dir='ltr'>exuit</span> <span class='ocrx_word' id='word_1_30' title='bbox 386 501 657 559; x_wconf 76' lang='lat' dir='ltr'><strong>mentibus,</strong></span> <span class='ocrx_word' id='word_1_31' title='bbox 686 501 775 548; x_wconf 88' lang='lat' dir='ltr'><strong>dat</strong></span> <span class='ocrx_word' id='word_1_32' title='bbox 806 501 1210 564; x_wconf 81' lang='lat' dir='ltr'>magnitudinem</span> <span class='ocrx_word' id='word_1_33' title='bbox 1237 501 1462 558; x_wconf 89' lang='lat' dir='ltr'><strong>solidam,</strong></span> <span class='ocrx_word' id='word_1_34' title='bbox 1486 500 1702 546; x_wconf 87' lang='lat' dir='ltr'><strong>inflatam</strong></span> 
     </span>
     <span class='ocr_line' id='line_1_6' title="bbox 216 589 1702 653; baseline 0 -19"><span class='ocrx_word' id='word_1_35' title='bbox 216 603 332 635; x_wconf 88' lang='lat' dir='ltr'><strong>vero</strong></span> <span class='ocrx_word' id='word_1_36' title='bbox 373 595 426 636; x_wconf 90' lang='lat' dir='ltr'><strong>et</strong></span> <span class='ocrx_word' id='word_1_37' title='bbox 467 605 530 636; x_wconf 87' lang='lat' dir='ltr'><strong>ex</strong></span> <span class='ocrx_word' id='word_1_38' title='bbox 570 593 706 636; x_wconf 91' lang='lat' dir='ltr'><strong>inani</strong></span> <span class='ocrx_word' id='word_1_39' title='bbox 747 594 1022 653; x_wconf 83' lang='lat' dir='ltr'>speciosam</span> <span class='ocrx_word' id='word_1_40' title='bbox 1068 594 1311 653; x_wconf 85' lang='lat' dir='ltr'><strong>reprimit,</strong></span> <span class='ocrx_word' id='word_1_41' title='bbox 1352 605 1447 636; x_wconf 86' lang='lat' dir='ltr'><strong>nec</strong></span> <span class='ocrx_word' id='word_1_42' title='bbox 1492 589 1702 652; x_wconf 80' lang='lat' dir='ltr'><strong>ignorari</strong></span> 
     </span>
     <span class='ocr_line' id='line_1_7' title="bbox 214 655 1702 745; baseline -0.001 -21"><span class='ocrx_word' id='word_1_43' title='bbox 214 679 334 724; x_wconf 89' lang='lat' dir='ltr'><strong>sinit</strong></span> <span class='ocrx_word' id='word_1_44' title='bbox 379 680 513 724; x_wconf 91' lang='lat' dir='ltr'><strong>inter</strong></span> <span class='ocrx_word' id='word_1_45' title='bbox 557 694 740 741; x_wconf 90' lang='lat' dir='ltr'><strong>magna</strong></span> <span class='ocrx_word' id='word_1_46' title='bbox 785 678 908 742; x_wconf 90' lang='lat' dir='ltr'><strong>quid</strong></span> <span class='ocrx_word' id='word_1_47' title='bbox 954 682 1154 726; x_wconf 89' lang='lat' dir='ltr'><strong>intersit</strong></span> <span class='ocrx_word' id='word_1_48' title='bbox 1202 685 1257 726; x_wconf 91' lang='lat' dir='ltr'><strong>et</strong></span> <span class='ocrx_word' id='word_1_49' title='bbox 1301 677 1511 736; x_wconf 91' lang='lat' dir='ltr'><strong>tumida,</strong></span> <span class='ocrx_word' id='word_1_50' title='bbox 1554 655 1702 745; x_wconf 52' lang='lat' dir='ltr'><strong>totius}</strong></span> 
     </span>
     <span class='ocr_line' id='line_1_8' title="bbox 215 765 1702 828; baseline 0 -18"><span class='ocrx_word' id='word_1_51' title='bbox 215 771 423 812; x_wconf 89' lang='lat' dir='ltr'><strong>naturae</strong></span> <span class='ocrx_word' id='word_1_52' title='bbox 452 770 686 814; x_wconf 81' lang='lat' dir='ltr'><strong>notitiam</strong></span> <span class='ocrx_word' id='word_1_53' title='bbox 713 783 772 813; x_wconf 86' lang='lat' dir='ltr'><strong>ae</strong></span> <span class='ocrx_word' id='word_1_54' title='bbox 800 783 918 814; x_wconf 87' lang='lat' dir='ltr'><strong>suae</strong></span> <span class='ocrx_word' id='word_1_55' title='bbox 950 767 1117 814; x_wconf 79' lang='lat' dir='ltr'><strong>tradit.</strong></span> <span class='ocrx_word' id='word_1_56' title='bbox 1192 766 1330 825; x_wconf 81' lang='lat' dir='ltr'><strong>Quid</strong></span> <span class='ocrx_word' id='word_1_57' title='bbox 1364 769 1466 813; x_wconf 88' lang='lat' dir='ltr'><strong>sint</strong></span> <span class='ocrx_word' id='word_1_58' title='bbox 1500 765 1553 812; x_wconf 92' lang='lat' dir='ltr'><strong>di</strong></span> <span class='ocrx_word' id='word_1_59' title='bbox 1588 780 1702 828; x_wconf 64' lang='lat' dir='ltr'><strong>qua-3</strong></span> 
     </span>
     <span class='ocr_line' id='line_1_9' title="bbox 214 843 1702 920; baseline 0.001 -20"><span class='ocrx_word' id='word_1_60' title='bbox 214 853 388 917; x_wconf 90' lang='lat' dir='ltr'><strong>lesque</strong></span> <span class='ocrx_word' id='word_1_61' title='bbox 413 855 651 915; x_wconf 84' lang='lat' dir='ltr'><strong>declarat,</strong></span> <span class='ocrx_word' id='word_1_62' title='bbox 677 856 798 919; x_wconf 93' lang='lat' dir='ltr'><strong>quid</strong></span> <span class='ocrx_word' id='word_1_63' title='bbox 822 856 986 915; x_wconf 88' lang='lat' dir='ltr'><strong>inferi,</strong></span> <span class='ocrx_word' id='word_1_64' title='bbox 1010 856 1132 920; x_wconf 92' lang='lat' dir='ltr'><strong>quid</strong></span> <span class='ocrx_word' id='word_1_65' title='bbox 1161 856 1288 903; x_wconf 86' lang='lat' dir='ltr'><strong>lares</strong></span> <span class='ocrx_word' id='word_1_66' title='bbox 1320 861 1374 903; x_wconf 91' lang='lat' dir='ltr'><strong>et</strong></span> <span class='ocrx_word' id='word_1_67' title='bbox 1408 857 1562 919; x_wconf 89' lang='lat' dir='ltr'><strong>genii,</strong></span> <span class='ocrx_word' id='word_1_68' title='bbox 1587 843 1702 917; x_wconf 82' lang='lat' dir='ltr'><strong>quid</strong></span> 
     </span>
    </p>

    <p class='ocr_par' dir='ltr' id='par_1_3' title="bbox 212 943 1702 1452">
     <span class='ocr_line' id='line_1_10' title="bbox 214 943 1702 1010; baseline 0.001 -23"><span class='ocrx_word' id='word_1_69' title='bbox 214 946 266 987; x_wconf 91' lang='lat' dir='ltr'><strong>in</strong></span> <span class='ocrx_word' id='word_1_70' title='bbox 291 943 561 990; x_wconf 89' lang='lat' dir='ltr'><strong>secundam</strong></span> <span class='ocrx_word' id='word_1_71' title='bbox 580 947 845 991; x_wconf 89' lang='lat' dir='ltr'><strong>numinum</strong></span> <span class='ocrx_word' id='word_1_72' title='bbox 859 943 878 975; x_wconf 80' lang='lat'><strong>²</strong></span> <span class='ocrx_word' id='word_1_73' title='bbox 898 943 1108 991; x_wconf 84' lang='lat' dir='ltr'><strong>formam</strong></span> <span class='ocrx_word' id='word_1_74' title='bbox 1126 948 1322 991; x_wconf 89' lang='lat' dir='ltr'><strong>animae</strong></span> <span class='ocrx_word' id='word_1_75' title='bbox 1340 948 1702 1010; x_wconf 71' lang='lat' dir='ltr'><strong>perpetuatae,¹</strong></span> 
     </span>
     <span class='ocr_line' id='line_1_11' title="bbox 214 1030 1702 1097; baseline -0.001 -20"><span class='ocrx_word' id='word_1_76' title='bbox 214 1031 299 1077; x_wconf 94' lang='lat' dir='ltr'><strong>ubi</strong></span> <span class='ocrx_word' id='word_1_77' title='bbox 325 1036 615 1091; x_wconf 86' lang='lat' dir='ltr'><strong>consistant,</strong></span> <span class='ocrx_word' id='word_1_78' title='bbox 641 1033 763 1096; x_wconf 93' lang='lat' dir='ltr'><strong>quid</strong></span> <span class='ocrx_word' id='word_1_79' title='bbox 786 1040 957 1096; x_wconf 87' lang='lat' dir='ltr'><strong>agant,</strong></span> <span class='ocrx_word' id='word_1_80' title='bbox 982 1033 1104 1097; x_wconf 93' lang='lat' dir='ltr'><strong>quid</strong></span> <span class='ocrx_word' id='word_1_81' title='bbox 1127 1037 1335 1096; x_wconf 88' lang='lat' dir='ltr'><strong>possint,</strong></span> <span class='ocrx_word' id='word_1_82' title='bbox 1359 1031 1482 1096; x_wconf 90' lang='lat' dir='ltr'><strong>quid</strong></span> <span class='ocrx_word' id='word_1_83' title='bbox 1505 1030 1676 1079; x_wconf 87' lang='lat' dir='ltr'><strong>velint.</strong></span> <span class='ocrx_word' id='word_1_84' title='bbox 1698 1060 1702 1086; x_wconf 65' lang='lat'>2</span> 
     </span>
     <span class='ocr_line' id='line_1_12' title="bbox 299 1120 1702 1185; baseline -0.001 -19"><span class='ocrx_word' id='word_1_85' title='bbox 299 1120 444 1167; x_wconf 90' lang='lat' dir='ltr'><strong>Haec</strong></span> <span class='ocrx_word' id='word_1_86' title='bbox 479 1124 586 1169; x_wconf 90' lang='lat' dir='ltr'><strong>eius</strong></span> <span class='ocrx_word' id='word_1_87' title='bbox 616 1125 934 1169; x_wconf 88' lang='lat' dir='ltr'><strong>initiamenta</strong></span> <span class='ocrx_word' id='word_1_88' title='bbox 961 1127 1097 1182; x_wconf 90' lang='lat' dir='ltr'><strong>sunt,</strong></span> <span class='ocrx_word' id='word_1_89' title='bbox 1120 1137 1211 1184; x_wconf 87' lang='lat' dir='ltr'><strong>per</strong></span> <span class='ocrx_word' id='word_1_90' title='bbox 1244 1137 1372 1185; x_wconf 91' lang='lat' dir='ltr'><strong>quae</strong></span> <span class='ocrx_word' id='word_1_91' title='bbox 1407 1136 1511 1166; x_wconf 90' lang='lat' dir='ltr'><strong>non</strong></span> <span class='ocrx_word' id='word_1_92' title='bbox 1544 1120 1702 1165; x_wconf 79' lang='lat' dir='ltr'><strong>muni-⁴</strong></span> 
     </span>
     <span class='ocr_line' id='line_1_13' title="bbox 212 1194 1702 1279; baseline -0.003 -23"><span class='ocrx_word' id='word_1_93' title='bbox 212 1209 372 1272; x_wconf 87' lang='lat' dir='ltr'><strong>cipale</strong></span> <span class='ocrx_word' id='word_1_94' title='bbox 397 1226 606 1269; x_wconf 86' lang='lat' dir='ltr'><strong>sacrum,</strong></span> <span class='ocrx_word' id='word_1_95' title='bbox 631 1210 720 1258; x_wconf 90' lang='lat' dir='ltr'><strong>sed</strong></span> <span class='ocrx_word' id='word_1_96' title='bbox 745 1214 924 1274; x_wconf 87' lang='lat' dir='ltr'><strong>ingens</strong></span> <span class='ocrx_word' id='word_1_97' title='bbox 952 1210 1160 1258; x_wconf 91' lang='lat' dir='ltr'><strong>deorum</strong></span> <span class='ocrx_word' id='word_1_98' title='bbox 1188 1212 1412 1256; x_wconf 90' lang='lat' dir='ltr'><strong>omnium</strong></span> <span class='ocrx_word' id='word_1_99' title='bbox 1443 1194 1702 1279; x_wconf 53' lang='lat' dir='ltr'><strong>templum}</strong></span> 
     </span>
     <span class='ocr_line' id='line_1_14' title="bbox 212 1298 1702 1362; baseline -0.001 -18"><span class='ocrx_word' id='word_1_100' title='bbox 212 1299 428 1345; x_wconf 89' lang='lat' dir='ltr'><strong>mundus</strong></span> <span class='ocrx_word' id='word_1_101' title='bbox 452 1303 560 1362; x_wconf 91' lang='lat' dir='ltr'><strong>ipse</strong></span> <span class='ocrx_word' id='word_1_102' title='bbox 584 1306 848 1359; x_wconf 86' lang='lat' dir='ltr'><strong>reseratur,</strong></span> <span class='ocrx_word' id='word_1_103' title='bbox 873 1303 1012 1347; x_wconf 90' lang='lat' dir='ltr'><strong>cuius</strong></span> <span class='ocrx_word' id='word_1_104' title='bbox 1036 1316 1153 1347; x_wconf 86' lang='lat' dir='ltr'><strong>vera</strong></span> <span class='ocrx_word' id='word_1_105' title='bbox 1180 1298 1442 1346; x_wconf 86' lang='lat' dir='ltr'><strong>simulacra</strong></span> <span class='ocrx_word' id='word_1_106' title='bbox 1465 1310 1702 1359; x_wconf 78' lang='lat' dir='ltr'><strong>verasque</strong></span> 
     </span>
     <span class='ocr_line' id='line_1_15' title="bbox 212 1386 1702 1452; baseline -0.001 -19"><span class='ocrx_word' id='word_1_107' title='bbox 212 1386 363 1435; x_wconf 85' lang='lat' dir='ltr'><strong>facies</strong></span> <span class='ocrx_word' id='word_1_108' title='bbox 383 1388 658 1436; x_wconf 85' lang='lat' dir='ltr'><strong>cernendas</strong></span> <span class='ocrx_word' id='word_1_109' title='bbox 674 1390 693 1420; x_wconf 79' lang='lat'>4</span> <span class='ocrx_word' id='word_1_110' title='bbox 707 1390 962 1436; x_wconf 87' lang='lat' dir='ltr'><strong>mentibus</strong></span> <span class='ocrx_word' id='word_1_111' title='bbox 981 1388 1204 1452; x_wconf 88' lang='lat' dir='ltr'><strong>protulit.</strong></span> <span class='ocrx_word' id='word_1_112' title='bbox 1279 1387 1408 1434; x_wconf 90' lang='lat' dir='ltr'><strong>Nam</strong></span> <span class='ocrx_word' id='word_1_113' title='bbox 1427 1386 1491 1433; x_wconf 90' lang='lat' dir='ltr'><strong>ad</strong></span> <span class='ocrx_word' id='word_1_114' title='bbox 1510 1391 1702 1448; x_wconf 88' lang='lat' dir='ltr'><strong>specta-</strong></span> 
     </span>
    </p>

    <p class='ocr_par' dir='ltr' id='par_1_4' title="bbox 130 1470 1702 1985">
     <span class='ocr_line' id='line_1_16' title="bbox 130 1470 1702 1541; baseline -0.003 -17"><span class='ocrx_word' id='word_1_115' title='bbox 130 1482 190 1530; x_wconf 82' lang='lat'><strong>29</strong></span> <span class='ocrx_word' id='word_1_116' title='bbox 213 1477 325 1524; x_wconf 84' lang='lat' dir='ltr'><strong>cula</strong></span> <span class='ocrx_word' id='word_1_117' title='bbox 359 1483 463 1524; x_wconf 87' lang='lat' dir='ltr'><strong>tarn</strong></span> <span class='ocrx_word' id='word_1_118' title='bbox 500 1495 682 1541; x_wconf 89' lang='lat' dir='ltr'><strong>magna</strong></span> <span class='ocrx_word' id='word_1_119' title='bbox 708 1478 865 1526; x_wconf 93' lang='lat' dir='ltr'><strong>hebes</strong></span> <span class='ocrx_word' id='word_1_120' title='bbox 893 1481 1025 1525; x_wconf 89' lang='lat' dir='ltr'><strong>visus</strong></span> <span class='ocrx_word' id='word_1_121' title='bbox 1061 1484 1151 1526; x_wconf 91' lang='lat' dir='ltr'><strong>est.</strong></span> <span class='ocrx_word' id='word_1_122' title='bbox 1226 1477 1307 1524; x_wconf 91' lang='lat' dir='ltr'><strong>Ad</strong></span> <span class='ocrx_word' id='word_1_123' title='bbox 1342 1479 1486 1524; x_wconf 89' lang='lat' dir='ltr'><strong>initia</strong></span> <span class='ocrx_word' id='word_1_124' title='bbox 1518 1470 1702 1528; x_wconf 73' lang='lat' dir='ltr'><strong>deinde]</strong></span> 
     </span>
     <span class='ocr_line' id='line_1_17' title="bbox 211 1549 1702 1637; baseline -0.003 -25"><span class='ocrx_word' id='word_1_125' title='bbox 211 1582 378 1614; x_wconf 89' lang='lat' dir='ltr'><strong>rerum</strong></span> <span class='ocrx_word' id='word_1_126' title='bbox 419 1567 551 1614; x_wconf 90' lang='lat' dir='ltr'><strong>redit</strong></span> <span class='ocrx_word' id='word_1_127' title='bbox 590 1573 949 1631; x_wconf 86' lang='lat' dir='ltr'><strong>aeternamque</strong></span> <span class='ocrx_word' id='word_1_128' title='bbox 985 1570 1232 1614; x_wconf 88' lang='lat' dir='ltr'><strong>rationem</strong></span> <span class='ocrx_word' id='word_1_129' title='bbox 1272 1568 1368 1612; x_wconf 89' lang='lat' dir='ltr'><strong>toti</strong></span> <span class='ocrx_word' id='word_1_130' title='bbox 1403 1563 1614 1612; x_wconf 88' lang='lat' dir='ltr'><strong>inditam</strong></span> <span class='ocrx_word' id='word_1_131' title='bbox 1650 1549 1702 1637; x_wconf 45' lang='lat' dir='ltr'><strong>eff</strong></span> 
     </span>
     <span class='ocr_line' id='line_1_18' title="bbox 211 1643 1702 1719; baseline -0.003 -17"><span class='ocrx_word' id='word_1_132' title='bbox 211 1659 311 1702; x_wconf 91' lang='lat' dir='ltr'><strong>vim</strong></span> <span class='ocrx_word' id='word_1_133' title='bbox 353 1661 575 1703; x_wconf 85' lang='lat' dir='ltr'><strong>omniurn</strong></span> <span class='ocrx_word' id='word_1_134' title='bbox 617 1661 861 1704; x_wconf 87' lang='lat' dir='ltr'><strong>seminum</strong></span> <span class='ocrx_word' id='word_1_135' title='bbox 905 1656 1100 1719; x_wconf 89' lang='lat' dir='ltr'><strong>singula</strong></span> <span class='ocrx_word' id='word_1_136' title='bbox 1142 1658 1338 1718; x_wconf 87' lang='lat' dir='ltr'><strong>proprie</strong></span> <span class='ocrx_word' id='word_1_137' title='bbox 1386 1643 1702 1716; x_wconf 48' lang='lat' dir='ltr'><strong>figurantem}</strong></span> 
     </span>
     <span class='ocr_line' id='line_1_19' title="bbox 212 1739 1685 1813; baseline -0.003 -23"><span class='ocrx_word' id='word_1_138' title='bbox 212 1743 340 1791; x_wconf 90' lang='lat' dir='ltr'><strong>Tum</strong></span> <span class='ocrx_word' id='word_1_139' title='bbox 381 1745 445 1792; x_wconf 92' lang='lat' dir='ltr'><strong>de</strong></span> <span class='ocrx_word' id='word_1_140' title='bbox 491 1749 658 1792; x_wconf 87' lang='lat' dir='ltr'><strong>animo</strong></span> <span class='ocrx_word' id='word_1_141' title='bbox 706 1749 872 1808; x_wconf 89' lang='lat' dir='ltr'><strong>coepit</strong></span> <span class='ocrx_word' id='word_1_142' title='bbox 918 1748 1185 1813; x_wconf 86' lang='lat' dir='ltr'><strong>inquirere,</strong></span> <span class='ocrx_word' id='word_1_143' title='bbox 1228 1742 1362 1789; x_wconf 89' lang='lat' dir='ltr'><strong>unde</strong></span> <span class='ocrx_word' id='word_1_144' title='bbox 1410 1747 1559 1799; x_wconf 89' lang='lat' dir='ltr'><strong>esset,</strong></span> <span class='ocrx_word' id='word_1_145' title='bbox 1601 1739 1685 1786; x_wconf 87' lang='lat' dir='ltr'><strong>ubi</strong></span> 
     </span>
     <span class='ocr_line' id='line_1_20' title="bbox 210 1831 1681 1898; baseline -0.003 -19"><span class='ocrx_word' id='word_1_146' title='bbox 210 1834 465 1896; x_wconf 89' lang='lat' dir='ltr'><strong>quamdiu,</strong></span> <span class='ocrx_word' id='word_1_147' title='bbox 505 1837 559 1881; x_wconf 92' lang='lat' dir='ltr'><strong>in</strong></span> <span class='ocrx_word' id='word_1_148' title='bbox 598 1841 722 1898; x_wconf 94' lang='lat' dir='ltr'><strong>quot</strong></span> <span class='ocrx_word' id='word_1_149' title='bbox 763 1835 987 1881; x_wconf 89' lang='lat' dir='ltr'><strong>membra</strong></span> <span class='ocrx_word' id='word_1_150' title='bbox 1027 1834 1224 1880; x_wconf 88' lang='lat' dir='ltr'><strong>divisus.</strong></span> <span class='ocrx_word' id='word_1_151' title='bbox 1300 1831 1500 1879; x_wconf 90' lang='lat' dir='ltr'><strong>Deinde</strong></span> <span class='ocrx_word' id='word_1_152' title='bbox 1534 1847 1564 1876; x_wconf 89' lang='lat' dir='ltr'><strong>a</strong></span> <span class='ocrx_word' id='word_1_153' title='bbox 1599 1845 1681 1876; x_wconf 89' lang='lat' dir='ltr'><strong>cor</strong></span> 
     </span>
     <span class='ocr_line' id='line_1_21' title="bbox 210 1921 1677 1985; baseline -0.003 -17"><span class='ocrx_word' id='word_1_154' title='bbox 210 1923 410 1985; x_wconf 88' lang='lat' dir='ltr'><strong>poribus</strong></span> <span class='ocrx_word' id='word_1_155' title='bbox 435 1938 488 1970; x_wconf 89' lang='lat' dir='ltr'><strong>se</strong></span> <span class='ocrx_word' id='word_1_156' title='bbox 512 1922 576 1969; x_wconf 90' lang='lat' dir='ltr'><strong>ad</strong></span> <span class='ocrx_word' id='word_1_157' title='bbox 604 1922 931 1984; x_wconf 86' lang='lat' dir='ltr'><strong>incorporalia</strong></span> <span class='ocrx_word' id='word_1_158' title='bbox 963 1921 1222 1968; x_wconf 86' lang='lat' dir='ltr'><strong>transtulit</strong></span> <span class='ocrx_word' id='word_1_159' title='bbox 1251 1923 1617 1981; x_wconf 87' lang='lat' dir='ltr'><strong>veritatemque</strong></span> <span class='ocrx_word' id='word_1_160' title='bbox 1649 1932 1677 1964; x_wconf 90' lang='lat' dir='ltr'><strong>e</strong></span> 
     </span>
    </p>
   </div>
   <div class='ocr_carea' id='block_1_3' title="bbox 274 2117 1665 2248">
    <p class='ocr_par' dir='ltr' id='par_1_5' title="bbox 274 2117 1665 2248">
     <span class='ocr_line' id='line_1_22' title="bbox 274 2117 1176 2187; baseline 0.001 -8"><span class='ocrx_word' id='word_1_161' title='bbox 274 2138 291 2163; x_wconf 81' lang='lat'>2</span> <span class='ocrx_word' id='word_1_162' title='bbox 318 2117 547 2179; x_wconf 79' lang='lat' dir='ltr'><strong>numinum</strong></span> <span class='ocrx_word' id='word_1_163' title='bbox 565 2138 805 2187; x_wconf 79' lang='lat' dir='ltr'><strong>Erasmus3</strong></span> <span class='ocrx_word' id='word_1_164' title='bbox 833 2138 1058 2179; x_wconf 80' lang='lat' dir='ltr'><strong>nominum</strong></span> <span class='ocrx_word' id='word_1_165' title='bbox 1079 2136 1176 2181; x_wconf 89' lang='lat' dir='ltr'><strong>BA.</strong></span> 
     </span>
     <span class='ocr_line' id='line_1_23' title="bbox 275 2187 1665 2248; baseline -0.004 -14"><span class='ocrx_word' id='word_1_166' title='bbox 275 2193 292 2218; x_wconf 82' lang='lat'>³</span> <span class='ocrx_word' id='word_1_167' title='bbox 316 2198 597 2247; x_wconf 75' lang='lat' dir='ltr'><strong>perpetuatae</strong></span> <span class='ocrx_word' id='word_1_168' title='bbox 648 2191 1069 2245; x_wconf 79' lang='lat' dir='ltr'><strong>Schweighaeuser3</strong></span> <span class='ocrx_word' id='word_1_169' title='bbox 1127 2190 1365 2248; x_wconf 65' lang='lat' dir='ltr'><strong>perpolitae</strong></span> <span class='ocrx_word' id='word_1_170' title='bbox 1421 2187 1551 2230; x_wconf 92' lang='lat' dir='ltr'>MSS.</span> <span class='ocrx_word' id='word_1_171' title='bbox 1611 2201 1665 2228; x_wconf 89' lang='lat' dir='ltr'><strong>an</strong></span> 
     </span>
    </p>
   </div>
   <div class='ocr_carea' id='block_1_4' title="bbox 210 2247 1231 2349">
    <p class='ocr_par' dir='ltr' id='par_1_6' title="bbox 210 2247 1231 2349">
     <span class='ocr_line' id='line_1_24' title="bbox 210 2247 1231 2349; baseline -0.003 -7"><span class='ocrx_word' id='word_1_172' title='bbox 210 2247 552 2342; x_wconf 45' lang='lat' dir='ltr'><strong>H‘inigrnendas</strong></span> <span class='ocrx_word' id='word_1_173' title='bbox 570 2300 682 2341; x_wconf 87' lang='lat' dir='ltr'><strong>later</strong></span> <span class='ocrx_word' id='word_1_174' title='bbox 701 2299 832 2342; x_wconf 91' lang='lat' dir='ltr'>MSS.</span> <span class='ocrx_word' id='word_1_175' title='bbox 851 2314 863 2349; x_wconf 78' lang='lat'><em>3</em></span> <span class='ocrx_word' id='word_1_176' title='bbox 893 2299 1115 2341; x_wconf 69' lang='lat' dir='ltr'><strong>cernendis</strong></span> <span class='ocrx_word' id='word_1_177' title='bbox 1135 2298 1231 2340; x_wconf 88' lang='lat' dir='ltr'><strong>BA.</strong></span> 
     </span>
    </p>
   </div>
   <div class='ocr_carea' id='block_1_5' title="bbox 203 2360 1702 2396">
    <p class='ocr_par' dir='ltr' id='par_1_7' title="bbox 203 2360 1702 2396">
     <span class='ocr_line' id='line_1_25' title="bbox 203 2360 1702 2396; baseline 0 522"><span class='ocrx_word' id='word_1_178' title='bbox 203 2360 1702 2396; x_wconf 95' lang='lat' dir='ltr'><strong> </strong></span> 
     </span>
    </p>
   </div>
   <div class='ocr_carea' id='block_1_6' title="bbox 207 2421 1671 2586">
    <p class='ocr_par' dir='ltr' id='par_1_8' title="bbox 207 2421 1671 2586">
     <span class='ocr_line' id='line_1_26' title="bbox 273 2421 1671 2480; baseline -0.004 -11"><span class='ocrx_word' id='word_1_179' title='bbox 273 2436 293 2455; x_wconf 81' lang='lat'><strong>⁶⁸</strong></span> <span class='ocrx_word' id='word_1_180' title='bbox 322 2427 527 2480; x_wconf 88' lang='lat' dir='ltr'><strong>Possibly</strong></span> <span class='ocrx_word' id='word_1_181' title='bbox 555 2426 697 2467; x_wconf 89' lang='lat' dir='ltr'><strong>either</strong></span> <span class='ocrx_word' id='word_1_182' title='bbox 723 2426 802 2468; x_wconf 88' lang='lat' dir='ltr'><strong>the</strong></span> <span class='ocrx_word' id='word_1_183' title='bbox 829 2440 975 2467; x_wconf 73' lang='lat' dir='ltr'><strong>‘manes</strong></span> <span class='ocrx_word' id='word_1_184' title='bbox 1003 2439 1053 2467; x_wconf 89' lang='lat' dir='ltr'><strong>or</strong></span> <span class='ocrx_word' id='word_1_185' title='bbox 1078 2425 1158 2466; x_wconf 86' lang='lat' dir='ltr'><strong>the</strong></span> <span class='ocrx_word' id='word_1_186' title='bbox 1185 2423 1515 2477; x_wconf 69' lang='lat' dir='ltr'><strong>indiyitamenta</strong></span> <span class='ocrx_word' id='word_1_187' title='bbox 1543 2422 1594 2463; x_wconf 86' lang='lat' dir='ltr'><strong>of</strong></span> <span class='ocrx_word' id='word_1_188' title='bbox 1622 2421 1671 2464; x_wconf 82' lang='lat' dir='ltr'><strong>th</strong></span> 
     </span>
     <span class='ocr_line' id='line_1_27' title="bbox 207 2480 743 2535; baseline -0.002 -12"><span class='ocrx_word' id='word_1_189' title='bbox 207 2482 329 2535; x_wconf 84' lang='lat' dir='ltr'><strong>early</strong></span> <span class='ocrx_word' id='word_1_190' title='bbox 350 2481 524 2522; x_wconf 78' lang='lat' dir='ltr'><strong>Roman</strong></span> <span class='ocrx_word' id='word_1_191' title='bbox 546 2480 743 2533; x_wconf 85' lang='lat' dir='ltr'><strong>religion.</strong></span> 
     </span>
     <span class='ocr_line' id='line_1_28' title="bbox 272 2536 559 2586; baseline -0.003 -9"><span class='ocrx_word' id='word_1_192' title='bbox 272 2538 289 2562; x_wconf 78' lang='lat'><strong>¹²</strong></span> <span class='ocrx_word' id='word_1_193' title='bbox 316 2536 404 2583; x_wconf 83' lang='lat' dir='ltr'><strong>i.e.‚</strong></span> <span class='ocrx_word' id='word_1_194' title='bbox 426 2538 559 2586; x_wconf 79' lang='grc' dir='ltr'><strong>λόγος.</strong></span> 
     </span>
    </p>
   </div>
   <div class='ocr_carea' id='block_1_7' title="bbox 210 2600 307 2648">
    <p class='ocr_par' dir='ltr' id='par_1_9' title="bbox 210 2600 307 2648">
     <span class='ocr_line' id='line_1_29' title="bbox 210 2600 307 2648; baseline 0 0"><span class='ocrx_word' id='word_1_195' title='bbox 210 2600 307 2648; x_wconf 84' lang='lat'><strong>416</strong></span> 
     </span>
    </p>
   </div>
  </div>
 </body>
</html>
