1702 2918
486 154 633 200 THE
668 153 990 202 EPISTLES
1027 154 1118 200 OF
1153 153 1419 202 SENECA

206 263 501 325 gruentibus
540 262 790 310 membris.
866 262 996 309 Nam
1035 269 1094 310 ut
1130 267 1204 311 ait
1243 264 1493 328 Vergilius
1525 272 1702 315 noster

205 344 258 386 in
283 339 451 405 Scylla
1691 330 1694 345 ἶ

370 426 518 468 Prima
535 426 727 468 hominis
746 426 884 468 facies
905 430 952 468 et
969 425 1153 480 pulchro
1172 431 1351 482 pectore
1371 431 1494 483 virgo

368 491 492 533 Pube
511 495 659 540 tenus,
680 494 907 546 postrema
925 493 1094 532 inmani
1113 505 1295 546 corpore
1314 494 1470 547 pistrix

366 556 641 610 Delphinum
660 555 826 598 caudas
844 558 972 597 utero
991 557 1230 598 commissa
1247 556 1465 611 luporum.
1690 615 1702 618 ,.

208 645 344 691 Huic
389 650 562 691 tamen
609 643 806 707 Scyllae
854 643 960 690 fera
1004 644 1236 691 animalia
1281 645 1518 693 adiuncta
1561 623 1700 714 sunffl⁴⁸

204 721 468 780 horrenda,
526 721 747 777 velocia;
810 727 865 768 at
920 724 1004 768 isti
1063 724 1360 784 sapientiam
1417 740 1479 771 ex
1517 726 1637 788 quib

121 810 183 858 10
206 816 512 863 conposuere
547 799 823 863 portentis!
897 798 1061 845 Prima
1105 815 1182 846 ars
1220 799 1435 849 hominis
1476 809 1555 850 est
1591 807 1643 867 ip
1692 851 1702 864 s

206 882 389 934 virtus;
448 877 564 924 huic
622 880 955 924 committitur
1010 877 1202 925 inutilis
1259 895 1372 926 caro
1429 886 1482 927 et
1530 880 1615 928 flui

203 955 520 1019 receptandis
555 962 755 1002 tantum
796 955 919 1002 cibis
954 954 1150 1014 habilis,
1185 962 1244 1003 ut
1281 959 1354 1004 ait
1391 957 1654 1008 Posidoniu
1700 995 1702 999 -

205 1034 377 1081 Virtus
401 1033 487 1079 illa
521 1032 689 1080 divina
711 1036 766 1079 in
796 1033 1043 1080 lubricum
1076 1032 1264 1081 desinit
1287 1040 1341 1081 et
1365 1038 1638 1098 superiorib

204 1115 311 1159 eius
356 1111 580 1174 partibus
626 1109 924 1157 venerandis
969 1116 1123 1174 atque
1170 1111 1468 1160 caelestibus
1513 1117 1595 1161 ani

204 1193 335 1237 iners
369 1205 428 1236 ac
461 1188 737 1236 marcidum
765 1187 1034 1235 adtexitur.
1109 1187 1202 1234 Illa
1232 1195 1506 1254 utcumque
1540 1192 1643 1241 alte
1675 1216 1702 1260 ‚1

202 1270 344 1331 quies
400 1266 526 1313 nihil
584 1265 787 1330 quidem
856 1267 965 1328 ipsa
1020 1265 1307 1328 praestabat
1368 1271 1551 1327 animo,
1608 1255 1698 1326 sed

202 1343 550 1407 inpedimenta
582 1343 902 1398 removebat3
943 1341 1172 1405 voluptas
1207 1342 1340 1390 ultro
1380 1343 1606 1394 dissolvit
1644 1336 1698 1412 εξ

202 1439 352 1470 omne
391 1422 542 1468 robur
582 1420 787 1468 emollit.
862 1418 1006 1479 Quae
1043 1423 1330 1468 invenietur
1369 1427 1473 1469 tam
1513 1409 1697 1495 discor}

202 1506 337 1549 inter
359 1517 412 1548 se
436 1503 668 1547 iunctura
699 1500 995 1561 corporum?
1066 1497 1382 1547 Fortissimae
1406 1505 1478 1549 rei
1501 1498 1699 1552 inertis*

204 1583 327 1626 sima
349 1578 640 1635 adstruitur,
656 1579 995 1623 severissimae
1013 1591 1186 1638 parum
1203 1579 1345 1636 seria,
1361 1583 1667 1630 sanctissima
1695 1639 1698 1642 Δ

121 1667 175 1714 11
205 1661 545 1718 intemperans
609 1670 766 1717 usque
822 1653 888 1700 ad
945 1654 1173 1702 incesta.1
1255 1654 1439 1714 “Quid
1497 1661 1653 1722 ergo?

203 1738 383 1798 inquit,
399 1738 430 1760 “
445 1736 485 1780 si
509 1735 749 1779 virtutem
773 1730 900 1778 nihil
922 1731 1210 1794 inpeditura
1233 1736 1298 1779 sit
1322 1733 1452 1781 bona
1474 1735 1630 1784 valitu

203 1819 259 1860 et
302 1815 444 1876 quies
490 1816 544 1858 et
591 1809 819 1856 dolorum
871 1808 1102 1867 vacati0,2
1146 1826 1249 1857 non
1306 1818 1450 1874 petes
1506 1813 1651 1862 illas?

204 1888 396 1948 Quidni
453 1887 659 1950 petam?
733 1886 846 1932 Non
904 1889 1021 1950 quia
1077 1887 1209 1933 bona
1263 1894 1398 1947 sunt,
1446 1889 1536 1938 sed
1584 1907 1650 1955 qu
1696 1899 1702 1936 ί

203 1965 478 2014 secundum
510 1970 741 2010 naturam
777 1969 910 2021 sunt,
936 1969 991 2010 et
1024 1967 1141 2027 quia
1175 1965 1306 2012 bono
1341 1983 1371 2012 a
1398 1983 1481 2015 me
1516 1969 1621 2016 iudi
1700 1974 1702 2009 i

203 2050 476 2092 sumentur.
550 2040 689 2100 Quid
735 2044 831 2088 erit
876 2047 1000 2088 tunc
1045 2044 1098 2088 in
1145 2041 1243 2090 illis
1291 2043 1514 2092 bonum?
1586 2047 1637 2094 H

203 2138 377 2180 unum,
400 2122 532 2168 bene
557 2119 690 2182 eligi.
764 2119 894 2165 Nam
919 2136 1032 2166 cum
1047 2119 1068 2150 ³
1090 2126 1285 2168 vestem
1308 2122 1509 2186 qualem
1533 2124 1656 2173 dece
1700 2167 1702 2178 ,

272 2240 287 2266 ¹
314 2240 475 2282 incesta
499 2237 692 2285 Gruter;
721 2237 888 2291 inyesta
908 2236 1004 2279 BA.

270 2294 288 2320 ²
315 2293 482 2336 vacatio
502 2292 614 2333 later
630 2290 758 2333 MSS.
781 2307 793 2339 ς
821 2305 848 2332 υ
904 2291 994 2333 atio
1015 2291 1110 2334 BA.
1700 2325 1702 2345 2

271 2349 287 2374 ³
317 2362 413 2389 cum
439 2346 628 2388 omitted
655 2347 701 2386 in
734 2345 779 2386 A
806 2359 862 2385 an
925 2345 1129 2399 supplied
1157 2346 1220 2401 by
1246 2361 1275 2389 a
1302 2347 1391 2389 late
1419 2349 1541 2392 hand
1567 2353 1612 2393 in
1699 2355 1702 2382 ἓ

207 2401 452 2444 Buecheler
470 2402 680 2454 suggests
699 2413 804 2441 nam
821 2404 975 2441 vestem
993 2400 1162 2454 qualem
1181 2402 1294 2444 decet
1313 2416 1410 2444 cum
1426 2417 1560 2448 sumo.

706 2545 727 2565 ⁰
754 2537 941 2587 Aomid,
963 2539 1022 2581 iii.
1047 2541 1125 2580 426
1145 2538 1190 2580 st.

207 2612 306 2656 452
