1702 2918
423 157 572 204 THE
607 157 928 206 EPISTLES
964 157 1055 206 OF
1088 157 1354 206 SENECA

58 265 120 312 25
140 280 291 326 quam
307 265 596 312 distractam
615 271 669 311 et
685 281 955 327 operosam.
1016 265 1122 311 Aut
1146 267 1186 311 si
1211 264 1305 312 hoc
1319 263 1338 295 1
1362 270 1456 322 est,
1474 267 1629 327 magis

118 331 320 394 *diliges
344 348 407 379 ex
425 332 618 379 duobus
635 348 795 395 aeque
819 333 960 379 bonis
978 335 1092 379 viris
1110 332 1327 378 nitidum
1346 338 1399 379 et
1422 338 1628 378 unctum

141 414 291 461 quam
336 399 743 462 pulverulentum
789 405 844 446 et
895 398 1194 446 horrentem.
1290 398 1489 446 Deinde
1535 398 1628 445 hoc

140 481 298 528 usque
330 469 607 528 pervenies,
632 472 690 512 ut
720 469 878 529 magis
907 466 1086 529 diligas
1117 469 1372 529 integrum
1400 466 1626 512 omnibus

140 533 376 580 membris
422 539 477 580 et
529 533 774 580 inlaesum
819 549 968 596 quam
1015 533 1235 580 debilem
1280 539 1369 580 aut
1421 533 1626 580 luscum.

143 599 387 646 Paulatim
420 599 674 647 fastidium
707 606 849 647 tuum
882 600 969 646 illo
999 616 1157 663 usque
1189 600 1446 662 procedet,
1478 606 1536 646 ut
1568 615 1629 647 ex

138 665 332 713 duobus
384 683 543 730 aeque
595 671 737 714 iustis
787 683 845 713 ac
897 667 1227 729 prudentibus
1279 674 1530 714 comatum
1576 673 1630 714 et

138 734 410 796 crispulum
424 734 444 764 2
466 734 621 781 malis.
698 734 797 781 Ubi
820 750 909 797 par
931 737 984 780 in
1008 740 1219 797 utroque
1240 737 1393 781 virtus
1418 740 1511 791 est,
1529 750 1630 780 non

141 807 379 863 conparet
415 801 622 847 aliarum
656 818 823 848 rerum
863 801 1204 864 inaequalitas.
1278 800 1461 848 Omnia
1496 805 1630 847 enim

55 868 115 914 26
139 868 235 914 alia
258 885 360 914 non
384 875 567 930 partes,
592 867 682 915 sed
705 871 1012 915 accessiones
1037 874 1166 915 sunt.
1241 868 1374 914 Num
1394 871 1503 931 quis
1526 874 1630 914 tam

138 939 360 998 iniquam
397 951 655 982 censuram
690 938 824 982 inter
863 951 976 982 suos
1010 939 1132 998 agit,
1168 942 1226 983 ut
1266 951 1441 982 sanum
1475 935 1631 981 filium

138 1018 289 1066 quam
312 1019 518 1064 aegrum
543 1006 700 1065 magis
725 1002 921 1064 diligat,
945 1018 1267 1064 procerumve
1293 1008 1346 1049 et
1378 1002 1631 1049 excelsum

137 1085 289 1132 quam
329 1071 534 1117 brevem
573 1076 662 1116 aut
696 1070 984 1116 modicum?
1054 1069 1206 1116 Fetus
1248 1085 1360 1116 suos
1396 1085 1497 1116 non
1533 1069 1631 1116 dis-

137 1140 381 1199 tinguunt
420 1136 556 1184 ferae
591 1142 646 1184 et
686 1152 740 1184 se
775 1140 828 1183 in
861 1135 1157 1183 alimentum
1191 1140 1377 1199 pariter
1410 1139 1631 1183 omnium

137 1210 401 1260 sternunt3
435 1220 551 1251 aves
576 1220 639 1250 ex
662 1220 822 1267 aequo
846 1207 1131 1266 partiuntur
1153 1205 1301 1250 cibos.
1373 1203 1544 1250 Vlixes
1567 1203 1632 1250 ad

139 1270 345 1319 Ithacae
373 1286 491 1318 suae
524 1287 640 1318 saxa
670 1274 740 1318 sic
772 1277 1021 1333 properat,
1053 1270 1474 1334 quemadmodum
1499 1270 1631 1334 Aga-

138 1354 375 1384 memnon
399 1338 464 1385 ad
491 1339 816 1402 Mycenarum
840 1338 1034 1385 nobiles
1058 1354 1236 1385 muros.
1310 1338 1473 1385 Nemo
1496 1341 1629 1385 enim

138 1409 350 1468 patriam
373 1409 489 1469 quia
514 1422 695 1468 magna
719 1411 797 1452 est
820 1412 971 1463 amat,
995 1405 1084 1452 sed
1107 1409 1223 1468 quia
1247 1421 1346 1452 sua.

54 1471 113 1519 27
224 1471 446 1531 Quorsus
472 1472 595 1519 haec
619 1475 915 1535 pertinent?
975 1473 1045 1521 Ut
1069 1476 1192 1519 scias
1211 1476 1448 1519 virtutem
1465 1474 1631 1518 omnia

139 1556 289 1603 opera
330 1540 471 1586 velut
511 1539 645 1587 fetus
685 1556 799 1587 suos
839 1539 999 1586 isdem
1039 1539 1194 1586 oculis
1234 1542 1436 1596 intueri,
1470 1555 1629 1602 aeque

138 1607 402 1669 indulgere
427 1607 657 1654 omnibus
682 1613 736 1654 et
758 1607 963 1670 quidem
987 1609 1244 1669 inpensius
1275 1606 1631 1664 laborantibus,

139 1678 374 1738 quoniam
398 1674 600 1737 quidem
627 1677 777 1721 etiam
811 1677 1094 1736 parentium
1118 1690 1255 1720 amor
1284 1677 1443 1736 magis
1474 1676 1527 1719 in
1555 1689 1630 1732 ea,

139 1758 350 1805 quorum
395 1745 676 1799 miseretur,
722 1741 942 1788 inclinat.
1024 1741 1190 1788 Virtus
1237 1757 1436 1804 quoque
1482 1757 1632 1803 opera

139 1825 243 1866 sua,
268 1825 395 1872 quae
420 1809 560 1855 videt
582 1808 728 1854 adfici
761 1815 815 1855 et
846 1811 1022 1870 premi,
1046 1824 1147 1854 non
1179 1811 1336 1871 magis
1367 1814 1518 1866 amat,
1543 1807 1630 1855 sed

139 1880 423 1939 parentium
449 1876 690 1922 bonorum
716 1891 851 1922 more
869 1878 1027 1938 magis
1052 1875 1387 1938 conplectitur
1403 1891 1460 1922 ac
1478 1874 1627 1923 fovet.

55 1939 117 1985 28
226 1942 394 2002 Quare
417 1959 520 1990 non
552 1950 631 1990 est
661 1942 820 1989 ullum
847 1943 1031 1990 bonum
1058 1942 1216 1991 altero
1239 1943 1433 1989 maius?
1502 1940 1632 2000 Quia

177 2069 223 2135 ”¹
252 2074 331 2110 aut
356 2068 396 2110 sn·
421 2068 498 2109 hoc
527 2067 710 2117 Haase3
740 2072 780 2109 et
806 2067 846 2109 m·
871 2067 949 2109 Ῐιοο
977 2066 1106 2109 MSS.
1128 2084 1140 2116 ς
1168 2073 1215 2109 at
1241 2068 1280 2109 ei
1306 2067 1383 2109 hoo
1410 2066 1632 2120 Schweig-

142 2123 498 2217 hagssslliecheler
535 2178 743 2228 suggests
780 2174 858 2216 the
894 2174 1110 2223 addition,
1146 2174 1262 2215 after
1300 2175 1551 2229 crispulum,
1585 2175 1635 2216 of

139 2245 271 2286 quam
290 2231 458 2273 calvum
477 2235 518 2272 et
535 2230 823 2271 horridulum.

206 2406 226 2425 ⁰
256 2397 294 2438 A
318 2397 455 2451 slight
473 2399 689 2438 variation
712 2396 765 2438 of
787 2396 866 2438 the
890 2396 991 2437 idea
1012 2398 1058 2437 in
1083 2395 1253 2444 Cicero,
1269 2395 1335 2437 De
1357 2395 1478 2438 Orat.
1501 2397 1529 2438 i.
1556 2399 1632 2438 196

140 2452 179 2493 ai
203 2466 282 2493 ‘nos
311 2483 321 2492 .
357 2485 366 2494 .
402 2483 412 2493 .
444 2457 596 2493 nostra
623 2451 774 2505 patria
801 2451 995 2497 delectat,
1017 2451 1138 2491 cuius
1161 2450 1226 2492 rei
1253 2455 1378 2491 tanta
1405 2455 1465 2492 est
1492 2451 1555 2491 vis
1582 2465 1633 2492 ac

142 2511 268 2547 tauta
285 2511 464 2553 natura,
481 2511 531 2547 ut
550 2505 746 2546 Ithacam
763 2505 889 2546 illam
906 2505 955 2545 in
969 2504 1220 2568 asperrimis
1232 2505 1395 2545 saxulis
1413 2510 1630 2558 tamquam

142 2560 344 2601 nidulwm
363 2561 553 2613 adfioeam
570 2558 911 2612 sapientissimus
924 2558 993 2600 vir
1003 2557 1327 2600 mvmortalitati
1340 2563 1628 2612 anteponeret.

149 2630 207 2672 18
