1702 2918
492 164 639 212 THE
675 162 997 211 EPISTLES
1036 162 1125 210 OF
1161 162 1428 211 SENECA

213 292 316 323 non
341 281 533 338 repeto,
551 290 654 320 non
679 277 838 336 exigo.
902 271 1149 320 Profuisse
1169 279 1337 320 tutum
1361 278 1438 322 sit.
1502 275 1702 329 Nullum

214 349 293 456 &t
315 342 486 390 odium
505 344 828 406 perniciosius
847 356 998 404 quam
1016 357 1046 388 e
1064 339 1295 389 beneficii
1313 341 1484 390 violati
1501 331 1702 411 pudore}

262 426 366 458 ALE.
1690 419 1702 480 q

1690 486 1702 543 ἲ

1695 545 1702 583 Ι

831 638 1091 686 Lxxxu.
1692 611 1702 657 ¹

561 767 755 816 SmmeA
793 766 995 814 chimo
1030 782 1115 813 svo
1150 781 1368 814 SALVTEM

166 889 190 937 1
300 877 441 925 Desii
472 880 571 924 iam
599 876 664 923 de
688 882 743 922 te
775 890 885 921 esse
916 873 1168 921 sollicitus.
1242 878 1274 901 “
1289 873 1504 932 Quem,”
1529 876 1667 937 inqu'

216 946 470 993 “deorum
507 958 796 1006 sponsorem
829 940 1148 1004 accepisti?”
1221 940 1353 987 Eum
1387 941 1596 1000 scilicet,
1625 957 1659 1005 q

215 1016 470 1061 neminem
493 1011 639 1068 fallit,
663 1013 886 1057 animum
909 1011 1035 1055 recti
1066 1024 1124 1054 ac
1147 1008 1265 1055 boni
1289 1014 1577 1056 amatorem.

213 1087 327 1128 tuto
351 1095 463 1143 pars
482 1082 557 1126 tui
580 1077 759 1125 melior
781 1082 872 1124 est.
950 1075 1122 1122 Potest
1139 1074 1342 1122 fortuna
1364 1076 1458 1122 tibi
1481 1078 1660 1123 iniuria

213 1149 410 1205 facere3
445 1146 578 1211 quod
614 1145 679 1192 ad
714 1161 820 1192 rem
855 1147 1014 1206 magis
1049 1146 1289 1206 pertinet,
1311 1159 1413 1190 non
1449 1146 1621 1202 timeo,
1645 1159 1680 1192 n

214 1223 270 1264 tu
303 1215 454 1262 facias
486 1215 593 1261 tibi.
669 1212 709 1271 1,
734 1228 832 1276 qua
864 1215 936 1258 ire
969 1214 1178 1274 coepisti
1211 1216 1266 1258 et
1292 1213 1346 1257 in
1377 1213 1475 1258 isto
1506 1217 1559 1258 te
1579 1214 1625 1258 vi

164 1287 193 1334 2
214 1283 390 1331 habitu
430 1297 658 1345 conpone
696 1278 910 1343 placide,
950 1294 1053 1325 non
1090 1277 1323 1325 molliter.
1412 1277 1547 1326 Male
1587 1282 1655 1326 mi

214 1367 323 1399 esse
364 1349 497 1396 malo
538 1364 687 1412 quam
727 1346 978 1402 molliter;
1025 1345 1190 1393 male1
1232 1362 1367 1392 nunc
1408 1349 1478 1392 sic
1519 1349 1628 1393 exci

214 1416 639 1483 quemadmodum
680 1432 710 1461 a
755 1413 940 1478 populo
982 1411 1112 1461 solet
1153 1412 1282 1460 dici:
1335 1412 1477 1471 dure,
1518 1429 1638 1476 aspe

213 1486 470 1534 laboriose.
567 1482 758 1530 Audire
805 1481 1021 1529 solemus
1067 1484 1137 1527 sic
1191 1480 1500 1544 quorundam
1556 1484 1605 1528 vi

214 1553 420 1611 laudari,
468 1551 647 1616 quibus
701 1548 984 1597 invidetur:
1044 1547 1311 1595 “molliter
1355 1547 1558 1604 vivit”;
1615 1547 1651 1595 h

214 1621 420 1668 dicunt:
468 1624 501 1647 “
517 1618 680 1665 mollis
721 1616 847 1665 est.''
938 1614 1183 1662 Paulatim
1221 1618 1356 1663 enirn
1397 1614 1653 1663 effeminat

213 1692 408 1736 animus
443 1693 597 1750 atque
631 1689 685 1732 in
720 1683 1100 1732 similitudinem
1136 1685 1226 1730 otii
1261 1686 1337 1730 sui
1372 1688 1428 1730 et
1461 1686 1632 1746 pigriti

213 1760 267 1804 in
302 1773 400 1820 qua
440 1758 588 1812 iacet,
629 1752 849 1800 solvitur.
922 1750 1060 1809 Quid
1101 1750 1258 1813 ergo?
1326 1749 1446 1797 Viro
1486 1767 1589 1797 non
1628 1750 1681 1798 ν’

213 1824 527 1887 obrigescere
547 1824 701 1868 satius
719 1821 834 1867 est?
891 1817 1093 1865 Deinde
1111 1817 1247 1865 idem
1266 1817 1470 1865 delicati
1489 1821 1649 1865 timen

214 1895 294 1939 cui
333 1894 490 1939 vitam
530 1904 671 1937 suam
711 1886 879 1935 fecere
916 1885 1143 1933 similem.
1236 1884 1457 1932 Multum
1496 1887 1632 1933 inter

641 2006 655 2032 ¹
683 2005 795 2047 malo
813 2003 962 2046 added
981 2003 1043 2056 by
1063 2001 1282 2045 Muretus.

475 2061 495 2088 ⁹
519 2060 653 2103 morti
670 2059 787 2102 aster
806 2058 955 2101 timent
974 2057 1151 2099 deleted
1171 2057 1232 2111 by
1252 2056 1451 2112 Madvig.

281 2201 301 2220 ⁰
328 2191 424 2233 The
454 2189 598 2232 words
627 2201 703 2230 are
730 2190 814 2242 put
850 2188 946 2228 into
982 2185 1062 2227 the
1090 2184 1247 2226 mouth
1277 2183 1331 2226 of
1362 2197 1420 2225 an
1460 2184 1656 2238 imagina

215 2246 477 2290 benefactor
497 2244 596 2285 who
615 2243 733 2284 fears
754 2242 824 2283 for
842 2241 912 2283 his
931 2253 1032 2281 own
1053 2239 1143 2281 life.

281 2302 299 2329 δ
330 2299 536 2396 ΟῶωΤαρ.
568 2297 720 2352 Ayrio.
749 2299 802 2338 42
824 2294 1064 2350 proprium
1090 2292 1273 2335 humani
1298 2291 1462 2347 inqenii
1488 2297 1548 2334 ost
1575 2292 1649 2335 od·

212 2369 425 2451 quszne
443 2367 553 2448 evtllo
587 2408 735 2448 incurs
767 2403 955 2457 liability
984 2402 1015 2444 b
1074 2400 1237 2454 †aking
1269 2413 1388 2454 upon
1422 2400 1608 2464 himself⁸
1632 2403 1653 2442 t

214 2463 323 2528 debt
341 2463 393 2504 of
407 2460 609 2503 another.
671 2459 714 2501 It
738 2460 776 2501 is
799 2461 899 2512 part
920 2457 974 2499 of
1048 2469 1075 2498 e
1102 2467 1283 2509 process
1311 2453 1476 2496 known
1500 2467 1552 2497 as
1577 2469 1594 2496 ι

213 2532 501 2613 ω’ἶόιὶαιιιει·
518 2568 630 2611 than
648 2566 801 2610 monis.

214 2642 312 2685 240
