1702 2918
432 139 580 186 THE
616 138 936 215 EPISTLES
973 138 1063 187 OF
1098 137 1363 187 SENECA

68 265 78 268 ·
154 244 391 292 becillum
426 250 506 292 est
545 244 681 309 quod
713 250 865 292 nocet
898 260 1048 308 quam
1083 247 1164 291 cui
1195 250 1421 301 nocetur,
1455 247 1643 306 optima

69 313 131 361 18
152 315 200 358 vi
224 315 372 358 noxia
390 317 576 359 carent.
651 311 938 375 Expectant
955 327 1062 370 nos,
1079 314 1122 359 si
1137 312 1154 342 ¹
1180 328 1243 359 ex
1266 311 1360 358 hac
1377 310 1645 374 aliquando

154 378 292 426 faece
328 382 381 426 in
415 378 542 426 illud
578 379 834 427 evadimus
870 379 1083 427 sublime
1118 385 1173 427 et
1207 377 1477 435 excelsum,
1512 384 1644 425 tran-

152 446 374 510 quillitas
397 450 550 493 animi
575 453 628 494 et
653 446 872 509 expulsis
897 447 1143 494 erroribus
1165 446 1394 493 absoluta
1425 445 1640 492 libertas.

154 513 365 572 Quaeris
405 530 533 577 quae
574 518 640 561 sit
680 515 811 562 ista?
881 514 997 561 Non
1037 513 1266 561 homines
1306 517 1504 571 timere,
1544 529 1646 560 non

152 581 304 637 deos;
359 597 455 628 nec
513 585 679 644 turpia
724 581 856 629 velle
902 598 999 629 nec
1044 584 1228 637 nimia3
1286 584 1338 627 in
1385 596 1438 627 se
1483 583 1647 643 ipsum

153 647 340 695 habere
364 651 631 695 maximam
656 655 975 711 potestatem.
1052 647 1426 696 Inaestimabile
1458 648 1644 695 bonum

154 721 234 764 est
257 732 401 763 suum
426 715 545 764 fleri.
619 716 769 762 VALn.

786 935 1017 984 LXXVI.

501 1064 691 1115 Senum
726 1066 929 1115 chmo
964 1082 1049 1114 svo
1084 1081 1301 1113 SALVTEM

103 1195 128 1244 l
240 1199 533 1246 Inimicitias
579 1197 704 1245 mihi
750 1197 1036 1257 denuntias,
1078 1201 1120 1245 si
1160 1202 1428 1262 quicquam
1468 1213 1530 1246 ex
1574 1200 1650 1256 iis,

152 1282 281 1331 quae
326 1266 511 1314 cotidie
558 1265 704 1324 facio,
749 1269 1066 1330 ignoraveris,
1148 1265 1292 1324 Vide,
1338 1282 1487 1329 quam
1535 1268 1650 1312 sim-

153 1334 353 1397 pliciter
385 1340 556 1381 tecum
588 1336 780 1380 vivam:
829 1333 923 1380 hoc
957 1350 1157 1397 quoque
1192 1333 1287 1380 tibi
1323 1337 1647 1380 committam.

156 1401 515 1464 Philosophum
555 1401 706 1448 audio
747 1407 801 1448 et
842 1401 1048 1465 quidem
1088 1404 1323 1464 quintum
1369 1404 1467 1447 iam
1515 1400 1649 1447 diem

154 1468 332 1527 habeo,
352 1485 414 1516 ex
433 1485 533 1532 quo
550 1471 603 1515 in
626 1467 846 1516 scholam
868 1485 928 1516 eo
947 1475 1001 1516 et
1024 1469 1088 1515 ab
1105 1475 1282 1516 octava
1305 1467 1649 1531 disputantem

152 1536 315 1584 audio.
403 1535 636 1594 “Bona,''
679 1539 862 1600 inquis,
904 1535 1166 1584 “aetate'’
1244 1535 1437 1595 Quidni
1484 1535 1651 1582 bona?

155 1602 293 1663 Quid
316 1610 488 1651 autem
513 1603 716 1650 stultius
741 1609 819 1651 est
843 1620 1010 1667 quam,
1028 1606 1145 1668 quia
1169 1602 1254 1650 diu
1280 1619 1382 1650 non
1400 1602 1650 1661 didiceris,

103 1670 132 1717 2
153 1687 255 1718 non
302 1671 531 1719 discere?
617 1670 802 1730 “Quid
849 1672 1004 1735 ergo?
1089 1670 1234 1718 Idem
1279 1670 1474 1729 faciam,
1515 1669 1650 1733 quod

153 1738 354 1787 trossuli
395 1745 450 1786 et
489 1738 776 1786 iuvenes?”
850 1738 988 1786 Bene
1028 1754 1227 1787 mecum
1262 1741 1445 1801 agitur,
1480 1741 1520 1784 si
1556 1737 1650 1785 hoc

154 1823 311 1853 unum
351 1812 668 1854 senectutem
711 1822 875 1853 meam
915 1805 1171 1854 dedecet.²
1245 1805 1424 1853 Omnis
1469 1809 1650 1852 aetatis

155 1873 383 1922 homines
408 1873 532 1921 haec
556 1872 726 1920 schola
748 1873 988 1921 admittit.
1062 1879 1093 1901 “
1113 1872 1174 1920 In
1198 1872 1294 1920 hoc
1317 1888 1649 1931 senescamus,

154 1948 213 1989 ut
243 1945 451 1989 iuvenes
482 1941 829 2004 sequamur?”
903 1941 965 1988 In
999 1940 1257 1989 theatrum
1291 1956 1447 1988 senex
1481 1940 1564 1987 ibo
1596 1946 1650 1987 et

220 2028 235 2054 ¹
262 2028 318 2100 εξ,
332 2027 481 2069 added
513 2027 575 2082 by
605 2027 859 2075 Pincianus,
889 2040 949 2069 on
981 2027 1061 2069 the
1093 2026 1322 2081 authority
1349 2025 1403 2068 of
1428 2028 1650 2068 “ancient

153 2081 431 2179 MS²Sdedocot
453 2135 720 2184 Pincianus;
749 2136 863 2178 decet
881 2134 1010 2179 VPb.

219 2229 241 2249 ⁰
267 2221 509 2263 Therefore
536 2220 673 2262 death
702 2220 784 2262 has
813 2234 871 2261 uo
900 2233 1050 2275 power
1075 2223 1125 2262 to
1155 2219 1298 2268 barm,
1326 2221 1448 2262 since
1476 2234 1580 2262 man
1610 2223 1647 2262 is

154 2279 236 2318 not
262 2275 448 2317 harmed
476 2275 682 2329 thereby,
703 2274 794 2316 and
822 2275 901 2316 the
929 2274 1060 2328 gods,
1085 2274 1186 2316 who
1213 2287 1290 2316 are
1319 2275 1484 2328 utterly
1510 2275 1644 2328 good,
1699 2287 1702 2318 ῑ

154 2333 322 2372 cannot
340 2330 396 2371 be
416 2328 494 2371 the
513 2342 669 2371 source
688 2329 740 2370 of
754 2328 853 2370 evil.
1698 2326 1702 2367 ί

220 2386 238 2411 ¹²
265 2383 308 2425 A
328 2383 630 2425 mock-heroic
650 2382 888 2425 nickname
913 2382 982 2425 for
1006 2382 1084 2425 the
1102 2381 1304 2436 knights,
1326 2382 1507 2424 derived
1532 2383 1645 2425 from
1698 2422 1702 2436 ,

153 2438 232 2481 the
254 2441 373 2480 town
401 2437 453 2479 of
475 2437 734 2479 Trossulum
762 2439 805 2479 in
835 2436 1027 2485 Etruria,
1050 2436 1194 2479 which
1214 2436 1323 2490 they
1342 2437 1557 2490 captured
1586 2437 1645 2492 by
1699 2443 1702 2454 ¹

153 2507 182 2535 a
222 2491 494 2535 sensational
534 2491 710 2545 charge.
789 2490 875 2534 See
922 2491 1116 2540 Persius,
1154 2492 1182 2534 i.
1224 2493 1293 2540 82,
1331 2491 1422 2533 and
1458 2490 1643 2537 Seneca.
1698 2489 1702 2543 ἶ

160 2547 241 2601 [cp.
265 2547 442 2589 lxxxvii.
466 2549 507 2590 9.
1698 2548 1702 2561 ⁵

162 2610 256 2660 146
