1702 2918
477 197 624 243 THE
660 197 979 244 EPISTLES
1015 198 1106 246 OF
1141 198 1407 246 SENECA

194 305 460 352 retinenda
483 312 574 353 est.
647 306 762 352 Non
781 309 915 353 enim
934 310 1099 354 vivere
1123 308 1310 354 bonum
1329 313 1422 366 est,
1440 307 1530 354 sed
1553 309 1682 356 bene

196 376 373 420 vivere.
448 372 628 435 Itaque
668 376 864 436 sapiens
906 377 1043 431 vivit,
1085 381 1328 437 quantum
1369 375 1540 432 debet,
1581 393 1682 422 non

148 445 173 491 5
196 446 440 502 quantum
498 446 679 502 potest.
776 440 983 487 Videbit
1042 442 1127 487 ubi
1179 445 1397 488 victurus
1443 445 1523 498 sit,
1570 459 1683 489 cum

195 507 391 569 quibus,
438 506 704 569 quomodo,
751 507 871 570 quid
918 514 1130 555 acturus.
1227 508 1426 570 Cogitat
1473 525 1683 571 semper,

194 573 352 636 qualis
398 577 516 632 vita,
557 590 659 620 non
705 580 894 637 quanta
938 578 1016 621 sit.
1089 574 1143 622 Si
1187 575 1378 622 multal
1420 583 1684 624 occurrunt

195 640 406 687 molesta
429 646 483 687 et
506 641 923 704 tranquillitatem
945 643 1216 700 turbantia,
1240 646 1431 689 emittit
1449 659 1515 690 se.
1578 643 1685 691 Nec

195 707 290 754 hoc
337 714 535 754 tantum
581 711 634 754 in
680 712 982 756 necessitate
1027 709 1205 756 ultima
1251 709 1388 767 facit,
1435 709 1524 757 sed
1570 727 1684 758 cum

194 778 409 836 primum
443 775 516 821 illi
551 779 720 837 coepit
754 782 986 838 suspecta
1018 792 1127 823 esse
1162 776 1378 835 fortuna,
1413 776 1685 840 diligenter

195 845 545 904 circumspicit,
577 842 823 906 numquid
854 842 1005 890 ideo2
1028 843 1359 891 desinendum
1393 847 1469 892 sit.
1546 844 1684 892 Nihil

195 913 449 956 existimat
472 926 559 956 sua
583 909 787 967 referre,
807 909 958 958 faciat
980 910 1133 957 finem
1155 928 1219 957 an
1243 914 1470 973 accipiat,
1495 912 1684 960 tardius

194 975 280 1023 fiat
310 994 375 1023 an
399 980 557 1024 citius.
636 977 749 1023 Non
780 983 1036 1041 tamquam
1069 977 1134 1024 de
1162 994 1346 1040 magno
1378 978 1684 1027 detrimento

194 1047 370 1100 timet;
419 1060 569 1091 nemo
609 1044 825 1091 multum
863 1061 924 1092 ex
962 1044 1197 1092 stilicidio
1242 1051 1411 1107 potest
1456 1046 1680 1108 perdere.

143 1119 170 1165 6
194 1111 350 1158 Citius
386 1115 510 1157 mori
541 1117 628 1158 aut
661 1111 851 1158 tardius
890 1111 955 1158 ad
995 1128 1101 1159 rem
1142 1128 1243 1158 non
1281 1116 1520 1175 pertinet,
1551 1114 1683 1162 bene

192 1181 316 1224 mori
343 1185 432 1225 aut
464 1178 594 1226 male
626 1178 690 1225 ad
725 1195 830 1226 rem
866 1182 1101 1241 pertinet.
1185 1179 1324 1226 Bene
1355 1186 1526 1227 autem
1559 1185 1683 1229 mori

191 1251 270 1292 est
294 1245 514 1308 effugere
538 1246 670 1293 male
693 1245 894 1293 vivendi
919 1246 1209 1308 periculum.

278 1312 455 1376 Itaque
519 1312 992 1360 effeminatissimam
1055 1329 1231 1360 vocem
1298 1314 1432 1361 illius
1505 1314 1683 1363 Rhodii

190 1382 437 1438 existimo,
483 1383 569 1444 qui
627 1397 741 1427 cum
798 1383 851 1426 in
909 1397 1106 1427 caveam
1160 1384 1415 1428 coniectus
1468 1388 1600 1430 esset
1654 1400 1684 1430 a

191 1454 404 1510 tyranno
440 1453 495 1495 et
528 1453 782 1511 tamquam
812 1447 974 1494 ferum
1003 1448 1206 1511 aliquod
1236 1448 1420 1494 animal
1447 1448 1683 1508 aleretur,

190 1514 423 1562 suadenti
447 1514 661 1572 cuidam,
680 1521 738 1562 ut
755 1516 1034 1562 abstineret
1051 1516 1191 1562 cibo:
1224 1520 1255 1542 “
1270 1515 1482 1574 omnia,”
1503 1520 1684 1580 inquit,

141 1587 169 1636 Ἰ
192 1581 445 1640 “homini,
485 1581 607 1629 dum
647 1585 786 1640 vivit,
823 1582 1070 1644 speranda
1109 1581 1273 1630 sunt.''
1364 1582 1439 1630 Ut
1484 1587 1549 1630 sit
1588 1583 1682 1632 hoc

190 1665 378 1707 verum,
403 1665 505 1696 non
529 1652 665 1696 omni
696 1653 859 1712 pretio
890 1653 994 1697 vita
1017 1649 1232 1697 emenda
1259 1656 1350 1697 est.
1421 1649 1683 1709 Quaedam

190 1716 312 1763 licet
356 1733 554 1778 magna,
595 1716 717 1764 licet
762 1723 899 1764 certa
940 1720 1056 1774 sint,
1091 1723 1263 1764 tamen
1308 1716 1374 1764 ad
1419 1717 1504 1764 illa
1549 1722 1683 1783 turpi

190 1783 492 1830 infirmitatis
530 1783 842 1832 confessione
877 1800 978 1830 non
1014 1787 1225 1831 veniam.
1312 1783 1422 1848 Ego
1463 1789 1683 1849 cogitem

190 1854 243 1897 in
278 1867 353 1907 eo,
373 1855 459 1914 qui
493 1854 632 1910 vivit,
657 1855 824 1898 omnia
858 1868 1002 1914 posse
1039 1851 1308 1909 fortunam,
1333 1855 1498 1914 potius
1532 1869 1683 1916 quam

190 1922 410 1981 cogitem
450 1922 502 1965 in
543 1935 619 1977 eo,
661 1922 747 1982 qui
787 1922 882 1966 scit
917 1922 1059 1977 mori,
1099 1919 1171 1965 nil
1209 1935 1353 1982 posse
1395 1918 1682 1969 fortunam?

342 2015 357 2041 ¹
383 2016 423 2057 si
441 2015 581 2057 multa
599 2015 712 2056 later
732 2014 860 2058 MSS.
883 2032 894 2063 ς
922 2015 960 2057 εἰ
979 2016 1052 2068 (sit
1072 2015 1120 2069 p)
1138 2015 1346 2057 simulata
1396 2015 1522 2058 VPb.

324 2069 344 2096 ¹
369 2069 466 2111 ideo
485 2068 534 2112 C.
561 2069 817 2119 Brakman;
845 2069 922 2111 illo
944 2069 1073 2112 MSS.
1095 2086 1108 2119 ς
1136 2069 1214 2111 illo
1234 2070 1302 2111 dio
1375 2073 1537 2112 uretus.

254 2171 276 2191 ⁶
303 2163 535 2216 Although
555 2162 762 2205 Socrates
792 2176 897 2217 says
926 2163 1137 2215 (Phaedo,
1159 2165 1208 2204 61
1230 2162 1285 2215 f.)
1312 2163 1414 2205 that
1438 2164 1516 2205 the
1542 2164 1680 2218 philo-

188 2218 350 2282 sopher
376 2221 511 2264 must,
523 2217 773 2282 ‘according
799 2220 848 2259 to
878 2217 1117 2282 Philolaus,
1146 2220 1224 2258 not
1252 2217 1359 2258 take
1385 2217 1453 2259 his
1478 2231 1578 2260 own
1606 2220 1680 2263 life

187 2271 460 2367 3³33&ssss
479 2271 646 2380 32¹3?
669 2270 940 2368 {33:13313
942 2275 1055 2367 {533ss
1073 2271 1464 2379 ξ’ἓὶἳξίῗὲἳὲξέεῖ
1477 2274 1679 2381 ξᾶἓέἷὲῗὲἓ

186 2380 383 2445 suicide3
411 2380 578 2428 others,
594 2379 697 2422 that
714 2393 805 2432 any
819 2392 979 2422 reason
997 2393 1089 2422 was
1107 2379 1228 2434 good
1245 2379 1437 2434 enough.
1499 2380 1567 2436 Os.
1586 2383 1676 2438 Ep.
1701 2378 1702 2456 J

185 2434 287 2515 lxxbv
289 2433 594 2541 1÷e5eisfbhom
639 2487 691 2529 of
738 2487 937 2537 Rhodes,
985 2486 1251 2529 threatened
1295 2487 1358 2541 by
1402 2488 1481 2529 the
1526 2492 1679 2543 tyrant
1701 2512 1702 2548 χ

187 2541 497 2596 Lysimachus.
557 2540 630 2584 On
653 2541 731 2583 the
750 2542 938 2596 proverb
958 2555 1033 2584 see
1052 2540 1221 2588 Cicero,
1243 2540 1324 2583 Ad
1341 2542 1439 2584 Ate.
1463 2544 1521 2585 ix.
1548 2547 1610 2587 10.
1634 2549 1675 2594 3,
1701 2549 1702 2558 ’

187 2596 277 2638 and
295 2596 507 2644 Terence,
528 2595 748 2639 Heauton.
772 2599 848 2637 981
870 2597 997 2639 modo
1016 2595 1141 2638 licoat
1158 2595 1310 2643 vivere,
1332 2601 1392 2637 est
1409 2609 1516 2650 apos.

187 2666 251 2710 58
1700 2660 1702 2753 Ξ

1700 2774 1702 2821 Ι
