1702 2918
479 124 626 172 THE
661 123 983 173 EPISTLES
1020 124 1112 173 OF
1146 124 1416 173 SENECA

145 239 174 287 Β
196 251 325 298 quae
366 240 577 298 possunt
617 238 836 293 evenire,
870 234 1154 283 firmandus.
1226 235 1404 294 Exilia,
1440 241 1663 283 tormen

196 302 392 360 morbi,1
412 302 560 360 bella,
579 302 838 365 naufragia
859 302 1145 350 meditare.²
1215 302 1390 350 Potest
1412 309 1466 350 te
1485 306 1643 366 patria
1655 311 1675 344 τ

197 375 368 432 potest
402 373 615 432 patriam
649 371 742 416 tibi
778 386 920 417 casus
954 373 1165 433 eripere,
1196 376 1367 432 potest
1400 376 1455 418 te
1490 373 1544 417 in
1578 387 1631 417 so
1653 373 1677 414 ἰ-

195 436 401 484 tudines
441 437 684 499 abigere‚⁸
725 443 895 500 potest
939 436 1036 484 hoc
1081 441 1262 500 ipsum,
1301 442 1355 484 in
1400 453 1500 500 quo
1546 443 1651 484 tur·

198 503 481 562 suffocatur,
527 504 632 551 fieri
679 504 908 552 solitudo.
981 503 1110 551 Tota
1163 510 1284 552 ante
1330 505 1500 551 oculos
1545 520 1600 552 so

197 571 447 618 humanae
478 570 705 618 condicio
737 578 967 634 ponatur,
990 587 1087 618 nec
1120 577 1366 635 quantum
1400 571 1611 635 frequen
1648 604 1661 612 -

199 642 386 696 evenit,
410 637 498 686 sed
531 645 777 702 quantum
808 638 1079 702 plurimum
1110 645 1280 701 potest
1307 642 1526 696 evenire,
1551 635 1664 702 pra*

198 721 450 753 sumamus
491 709 675 764 animo,
716 709 756 753 si
796 705 1029 753 nolumus
1074 709 1287 769 opprimi
1333 722 1428 753 nec
1473 706 1571 753 illis
1619 709 1631 720 “

200 776 396 820 usitatis
421 773 560 820 velut
582 777 724 820 novis
742 773 1094 836 obstupefieri3
1129 776 1183 820 in
1199 773 1407 836 plenum
1426 777 1647 837 cogitan

199 839 401 887 fortuna
424 846 516 887 est.
715 887 718 890 .

149 907 178 954 9
285 906 534 966 Quotiens
562 906 730 966 Asiae,
755 909 988 971 quotiens
1017 906 1239 955 Achaiae
1274 908 1423 955 urbes
1458 923 1558 955 uno
1606 928 1620 948 n

199 990 336 1021 more
377 974 706 1022 ceciderunt?
775 973 916 1034 Quot
954 974 1141 1038 oppida
1185 979 1239 1022 in
1279 974 1437 1038 Syria,
1477 980 1602 1039 quot
1643 976 1655 988 ⁸

201 1041 500 1089 Macedonia
523 1041 760 1089 devorata
777 1042 932 1089 sunt?
1002 1041 1201 1106 Cypron
1224 1046 1457 1106 quotiens
1481 1048 1639 1089 vasta

198 1109 325 1157 haec
347 1108 551 1156 clades?
620 1109 870 1168 Quotiens
893 1112 947 1156 in
970 1125 1025 1157 se
1058 1109 1255 1172 Paphus
1284 1111 1506 1157 corruit?
1575 1109 1615 1156 F
1653 1130 1660 1148 ÷
1687 1162 1689 1164 ,

199 1182 416 1240 quenter
437 1177 581 1223 nobis
604 1180 825 1224 nuntiati
849 1182 968 1224 sunt
986 1182 1204 1224 totarum
1223 1177 1421 1224 urbium
1440 1179 1617 1224 interit
1661 1185 1666 1215 Γ

200 1250 254 1291 et
289 1260 378 1290 nos
412 1247 548 1291 inter
581 1260 704 1307 quos
739 1247 836 1291 ista
870 1243 1165 1307 frequenter
1197 1248 1511 1302 nuntiantur,
1540 1259 1662 1307 quo
1696 1303 1697 1306 Ἴ

200 1327 312 1374 pars
336 1315 559 1357 omnium
583 1312 789 1358 sumus?
1694 1345 1698 1352 ‹

283 1378 649 1442 Consurgamus
672 1382 843 1442 itaque
871 1377 1107 1425 adversus
1134 1377 1343 1426 fortuita
1373 1384 1428 1426 et
1455 1379 1654 1442 quicqu'
1695 1413 1698 1418 .

199 1445 450 1504 inciderit,
501 1449 712 1493 sciamus
769 1462 872 1492 non
919 1461 1028 1493 esse
1087 1452 1190 1492 tam
1246 1462 1487 1509 magnum
1544 1461 1697 1509 qua

121 1515 178 1564 10
200 1529 396 1560 rumore
436 1517 665 1560 iactetur.
756 1513 940 1560 Civitas
980 1516 1101 1560 arsit
1146 1513 1388 1575 opulenta
1433 1514 1698 1567 ornameff„

199 1587 410 1644 tumque
462 1584 841 1643 provinciarum,
889 1580 1070 1643 quibus
1128 1586 1183 1627 et
1239 1583 1427 1628 inserta
1483 1586 1592 1627 erat
1667 1586 1670 1593 '

200 1654 428 1711 excepta,
465 1652 549 1694 uni
586 1654 758 1696 tamen
792 1651 1009 1711 inposita
1043 1653 1098 1695 et
1130 1646 1250 1694 huic
1283 1665 1385 1695 non
1420 1647 1666 1694 latissimo

552 1756 565 1781 ¹
593 1756 732 1798 morbi
752 1755 861 1804 BA;
888 1755 1057 1798 morbos
1075 1755 1188 1798 later
1207 1755 1338 1799 MSS.

494 1809 513 1836 ²
537 1811 745 1852 meditare
764 1809 876 1851 later
895 1808 1026 1852 MSS.
1045 1822 1058 1859 ;
1085 1811 1290 1852 medicam·
1309 1810 1404 1853 BA.

558 1864 575 1889 ³
602 1864 768 1917 abiqere
787 1863 1034 1913 Matthiae;
1064 1864 1225 1906 abicere
1246 1864 1340 1907 BA.

495 1917 515 1944 ⁴
541 1909 750 1961 latissimo
772 1917 1044 1967 Buecheler;
1071 1918 1281 1961 altissimo
1302 1917 1399 1962 BA.

263 2045 285 2066 ‘⁸
311 2036 407 2078 The
425 2050 617 2091 passage
635 2037 765 2079 bears
783 2050 812 2078 a
828 2036 1024 2090 striking
1043 2037 1348 2078 resemblance
1375 2040 1424 2078 to
1446 2036 1525 2078 the
1549 2049 1656 2078 wor
1701 2085 1702 2090 Ἰ

197 2092 250 2133 of
269 2091 470 2132 Theseus
490 2093 534 2132 in
555 2105 613 2132 an
634 2091 861 2132 unknown
885 2091 989 2144 play
1010 2090 1062 2132 of
1077 2090 1313 2145 Euripides
1338 2090 1535 2143 (Nauck,
1558 2090 1594 2132 F
1624 2108 1631 2126 ι

199 2147 295 2195 964)
355 2145 491 2186 uoted
519 2145 581 2199 by
611 2144 780 2192 Cicero,
815 2145 933 2187 Tmo.
964 2146 1020 2186 iii.
1058 2147 1122 2187 14.
1156 2147 1225 2194 29,
1253 2145 1344 2186 and
1375 2146 1435 2200 by
1465 2145 1618 2186 Plutar
1701 2182 1702 2187 ,

204 2200 344 2241 Conso
363 2199 486 2241 ation
505 2205 549 2241 to
568 2199 851 2253 Apollonius,
876 2201 954 2239 112
965 2198 1009 2241 d.
1697 2203 1700 2222 ²

264 2255 282 2280 ⁶
309 2252 481 2295 Seneca
498 2253 575 2306 (N.
586 2254 633 2304 Q.
658 2255 716 2294 vi.
739 2255 810 2306 26)
830 2252 994 2306 speaks
1016 2252 1070 2294 of
1092 2252 1270 2306 Paphos
1289 2254 1365 2305 (on
1384 2253 1463 2294 the
1481 2252 1626 2295 island

199 2307 392 2361 Cyprus)
420 2320 471 2349 as
500 2307 666 2360 having
694 2307 807 2349 been
838 2319 960 2348 more
987 2306 1098 2348 than
1127 2320 1240 2348 once
1270 2307 1547 2349 devastated.

200 2362 334 2403 know
370 2361 422 2403 of
454 2365 544 2403 two
582 2361 692 2403 such
725 2360 1116 2403 accidents-—one
1149 2361 1291 2403 under
1328 2361 1563 2415 Augustus
1601 2375 1647 2403 a

199 2415 388 2457 another
415 2415 557 2457 under
583 2415 849 2470 Vespasian.
909 2413 996 2457 See
1017 2415 1096 2456 the
1124 2428 1248 2456 same
1266 2428 1457 2469 passage
1476 2415 1546 2457 for
1564 2415 1642 2457 oth

201 2469 478 2523 earthquake
498 2468 662 2512 shocks
680 2471 727 2510 in
746 2470 922 2510 various
942 2468 1105 2523 places.

267 2532 283 2549 ⁰
312 2523 466 2577 Lyons
494 2523 597 2564 held
625 2537 681 2564 an
713 2523 991 2576 exceptional
1022 2525 1214 2576 position
1250 2525 1293 2564 in
1325 2523 1507 2565 relation
1536 2527 1586 2565 to
1612 2527 1650 2566 t
1677 2553 1684 2590 '.

201 2587 300 2636 436
