1702 2918
468 162 616 210 THE
651 163 972 214 EPISTLES
1009 166 1101 214 OF
1134 165 1402 214 SENECA

101 324 104 325 ⁷
188 269 357 329 subiti,
375 271 439 318 ad
464 276 603 320 cuius
625 276 783 320 ictum
802 277 956 321 etiam
972 277 1136 321 vicina
1153 280 1482 322 tremuerunt.
1554 274 1685 323 Nam

188 366 247 408 ut
269 362 372 410 illic
390 367 612 428 quisquis
631 365 694 412 ab
712 369 832 429 igne
854 370 1056 429 propior
1079 371 1241 425 stetit,
1259 382 1493 430 percusso
1512 366 1685 414 similis

188 453 448 518 obstipuit,
490 460 559 503 sic
600 459 654 504 in
694 456 771 505 his
811 474 903 521 per
940 458 1159 522 aliquam
1199 463 1301 506 vim
1340 458 1685 507 accidentibus

189 560 346 592 unum
380 547 634 595 calamitas
671 552 925 611 opprimit,
962 556 1157 597 ceteros
1196 556 1378 608 metus,
1413 565 1685 614 paremque

190 641 343 699 passis
368 641 624 686 tristitiam
648 638 770 687 facit
794 644 899 703 pati
923 657 1081 704 posse.

137 731 166 776 5
274 729 514 777 Omnium
545 734 737 778 animos
768 731 899 778 mala
928 732 1092 780 aliena
1115 748 1173 779 ac
1204 736 1471 795 repentina
1506 733 1686 781 sollici-

187 826 313 869 tant.
410 820 851 880 Quemadmodum
900 840 1018 872 aves
1069 828 1222 872 etiam
1280 828 1441 872 inanis
1499 825 1686 875 fundae

188 928 338 960 sonus
353 917 568 972 territat,
584 930 674 961 nos
689 918 760 962 ita
774 931 874 962 non
891 915 956 962 ad
970 918 1128 962 ictum
1142 922 1343 963 tantum
1359 919 1687 979 exagitamur,

188 1005 278 1052 sed
301 1005 367 1052 ad
398 1010 660 1068 crepitum.
734 1006 850 1053 Non
873 1013 1045 1070 potest
1077 1023 1198 1071 ergo
1221 1010 1484 1071 quisquam
1507 1009 1686 1058 beatus

188 1113 314 1157 esse,
333 1102 419 1162 qui
443 1098 560 1146 huic
578 1115 633 1146 se
652 1101 876 1162 opinioni
900 1099 1128 1147 credidit.
1194 1099 1307 1146 Non
1327 1103 1462 1147 enim
1480 1100 1686 1150 beatum

188 1196 282 1250 est,
298 1194 392 1238 nisi
411 1191 546 1255 quod
564 1191 873 1254 intrepidum
891 1207 903 1249 ;
938 1195 1073 1239 inter
1090 1197 1322 1255 suspecta
1340 1191 1470 1240 male
1488 1194 1683 1239 vivitur.

137 1281 165 1329 6
189 1282 427 1347 Quisquis
473 1300 527 1331 se
573 1283 789 1330 multum
830 1283 1051 1331 fortuitis
1087 1283 1248 1342 dedit,
1289 1287 1553 1347 ingentem
1593 1283 1688 1331 sibi

189 1379 450 1423 materiam
474 1377 866 1439 perturbationis
891 1383 945 1424 et
969 1376 1376 1440 inexplicabilem
1398 1375 1552 1433 fecit3
1588 1391 1689 1423 una

188 1469 313 1517 haec
347 1473 427 1517 via
466 1475 544 1516 est
584 1469 649 1515 ad
689 1475 803 1517 tuta
826 1468 1049 1527 vadenti,
1085 1475 1295 1516 externa
1334 1468 1593 1532 despicere
1633 1474 1689 1518 et

187 1560 401 1609 honesto
441 1567 740 1608 contentum
782 1576 905 1608 esse.
980 1560 1109 1607 Nam
1144 1563 1230 1624 qui
1269 1559 1460 1624 aliquid
1501 1563 1688 1610 virtute

188 1654 366 1701 melius
412 1660 559 1717 putat
604 1659 693 1701 aut
739 1653 899 1701 ullum
944 1658 1147 1716 praeter
1191 1652 1330 1699 illam
1376 1652 1581 1710 bonum,
1622 1652 1688 1701 ad

188 1746 329 1804 haec,
352 1762 480 1810 quae
511 1762 542 1793 a
573 1745 776 1792 fortuna
810 1751 1129 1808 sparguntur,
1161 1747 1325 1791 sinum
1359 1744 1601 1807 expandit
1633 1750 1702 1793 etr

136 1838 162 1887 7
186 1838 427 1886 sollicitus
442 1838 646 1886 missilia
661 1842 766 1885 eius
785 1843 1035 1901 expectat.
1099 1837 1150 1883 Η
1154 1853 1248 1884 ane
1265 1840 1399 1884 enim
1414 1840 1687 1900 imaginem

185 1935 352 1978 animo
376 1937 465 1979 tuo
489 1947 729 1994 propone,
753 1929 896 1977 ludos
929 1929 1094 1977 facere
1118 1928 1371 1977 fortunam
1397 1935 1450 1977 et
1473 1932 1526 1976 in
1550 1928 1686 1977 hune

185 2024 469 2072 mortalium
489 2029 690 2071 coetum
714 2022 945 2080 honores,
964 2021 1179 2080 divitias,
1198 2025 1411 2085 gratiam
1430 2028 1684 2081 excutere,

184 2133 395 2181 quorum
419 2116 515 2163 alia
537 2119 672 2163 inter
694 2115 1039 2178 diripientium
1064 2130 1239 2160 manus
1264 2117 1413 2161 scissa
1436 2119 1570 2172 sunt,
1588 2113 1702 2188 alia}

184 2210 337 2257 infida
368 2213 610 2257 societate
634 2208 806 2266 divisa,
831 2206 930 2253 alia
953 2222 1138 2270 magno
1162 2205 1470 2253 detrimento
1494 2222 1702 2266 eorumfl

183 2306 237 2350 in
282 2319 406 2366 quos
453 2301 779 2359 devenerant,
818 2315 1010 2362 prensa.
1084 2299 1161 2345 Ex
1208 2299 1388 2362 quibus
1434 2279 1702 2376 quaedam{

182 2395 320 2443 aliud
376 2395 644 2459 agentibus
695 2392 998 2450 inciderunt,
1049 2390 1314 2454 quaedam,
1366 2395 1482 2455 quia
1533 2382 1702 2461 nimis}

1693 2468 1702 2538 l

294 2551 314 2570 ⁰
341 2543 431 2590 cla,
453 2540 660 2595 engaged
678 2553 799 2594 upon
819 2538 1076 2592 something
1097 2538 1198 2580 else.
1266 2538 1331 2592 Cf·
1363 2538 1445 2591 Ep.
1472 2539 1498 2579 i.
1526 2540 1562 2579 1.

188 2617 208 2658 1
223 2607 282 2657 16

1693 2611 1696 2662 Ξ
