1702 2918
403 158 551 206 THE
587 156 909 206 EPISTLES
945 156 1038 204 OF
1070 156 1337 205 SENECA

49 317 73 321 ,ζ
120 267 327 326 iudicat,
362 270 479 331 quia
514 266 675 314 multa
708 266 1026 314 incommoda
1058 269 1202 314 iustis
1235 269 1352 315 viris
1386 267 1621 315 accidunt

122 348 178 390 et
208 345 342 406 quia,
364 341 603 405 quicquid
635 341 778 388 nobis
810 341 969 399 dedit,
994 341 1146 389 breve
1170 347 1251 389 est
1282 347 1337 389 et
1367 345 1622 406 exiguum,

1673 270 1681 367 l

123 419 165 463 si
189 431 446 479 compares
469 414 645 462 mundi
670 418 826 463 totius
848 431 986 463 aevo.

40 486 98 535 ll
208 490 286 537 Ex
311 489 404 536 hac
427 489 774 552 deploratione
798 492 1035 548 nascitur,
1054 495 1113 537 ut
1134 492 1319 553 ingrati
1342 489 1623 537 divinorum

123 567 428 626 interpretes
452 566 634 620 simus;
669 567 940 627 querimur,
964 563 1100 627 quod
1123 580 1226 610 non
1251 579 1465 627 semper,
1489 563 1624 628 quod

124 644 179 686 et
198 654 354 701 pauca
371 637 515 684 nobis
533 644 588 685 et
610 640 803 685 incerta
826 643 881 685 et
898 637 1094 684 abitura
1112 641 1423 701 contingant.
1499 637 1625 685 Inde

125 718 219 771 est,
254 711 389 776 quod
430 727 526 759 nec
560 715 727 759 vivere
768 727 863 759 nec
903 715 1028 759 mori
1062 711 1321 769 volumus;
1367 715 1501 760 vitae
1536 728 1626 759 nos
1688 711 1689 766 ἦ

124 786 296 834 odium
336 791 500 845 tenet,
535 789 686 833 timor
720 789 907 834 mortis.
982 785 1140 833 Natat
1180 803 1330 834 omne
1366 786 1627 834 consilium
1686 791 1688 852 J

124 877 220 909 nec
254 860 450 923 inplere
485 876 577 907 nos
611 859 715 907 ulla
750 859 964 908 felicitas
1005 866 1188 924 potest.
1262 860 1422 908 Causa
1455 867 1627 909 autem
1686 900 1687 903 ,

125 941 220 994 est,
243 934 381 999 quod
412 950 514 982 non
547 937 867 998 pervenimus
889 934 955 982 ad
979 934 1106 982 illud
1131 935 1319 982 bonum
1343 938 1628 983 inmensum
1686 935 1687 992 J

126 1016 180 1058 et
236 1008 591 1073 insuperabile,
638 1009 724 1056 ubi
772 1024 979 1057 necesse
1026 1015 1106 1057 est
1151 1012 1352 1057 resistat
1397 1009 1629 1058 voluntas
1684 1021 1687 1054 ε

41 1087 104 1136 12
127 1091 312 1143 nostra,
335 1087 454 1147 quia
477 1082 610 1130 ultra
632 1099 882 1131 summum
898 1083 915 1114 ¹
940 1099 1043 1130 non
1066 1089 1146 1131 est
1173 1083 1325 1132 locus.
1399 1082 1628 1144 Quaeris,
1684 1093 1687 1133 ἵ

126 1175 279 1223 quare
304 1161 460 1205 virtus
483 1157 624 1204 nullo
648 1159 840 1221 egeat?
912 1157 1263 1206 Praesentibus
1295 1157 1503 1222 gaudet,
1527 1175 1629 1206 non
1683 1174 1685 1223 ᾗ

126 1235 436 1296 concupiscit
479 1231 721 1280 absentia.
796 1231 938 1279 Nihil
982 1248 1086 1280 non
1131 1231 1206 1280 illi
1251 1248 1492 1297 magnum
1533 1239 1629 1293 est,

125 1307 261 1374 quod
286 1310 419 1355 satis.

212 1382 294 1429 Ab
341 1380 436 1429 hoc
481 1379 687 1429 discede
733 1379 919 1428 iudicio
935 1395 949 1438 ;
1007 1397 1110 1428 non
1157 1384 1320 1445 pietas
1362 1382 1629 1442 constabit,
1681 1381 1683 1388 ⁴

127 1474 229 1505 non
255 1456 390 1503 fides.
469 1455 632 1503 Multa
656 1459 792 1503 enim
824 1461 1090 1519 utramque
1126 1462 1379 1519 praestare
1403 1459 1629 1520 cupienti

127 1531 367 1596 patienda
414 1536 532 1577 sunt
579 1546 641 1577 ex
689 1533 764 1588 iis,
799 1546 930 1593 quae
976 1529 1107 1578 mala
1152 1537 1424 1587 vocantur3
1471 1531 1630 1578 multa

126 1603 452 1669 inpendenda
509 1620 572 1651 ex
629 1607 705 1662 iis,
758 1604 939 1668 quibus
997 1603 1319 1667 indulgemus
1372 1611 1629 1669 tamquam
1680 1621 1681 1627 ¹

45 1689 105 1737 13
128 1682 284 1728 bonis.
362 1679 497 1726 Perit
520 1677 782 1736 fortitudo,
806 1694 935 1741 quae
969 1678 1247 1741 periculum
1276 1677 1441 1727 facere
1473 1679 1631 1728 debet

127 1759 233 1812 sui;
279 1757 411 1817 perit
445 1755 847 1815 magnanimitaS,
883 1769 1012 1816 quae
1048 1769 1150 1799 non
1187 1759 1356 1815 potest
1390 1757 1629 1814 eminere,

125 1833 223 1878 nisi
280 1830 448 1875 omnia
512 1826 652 1874 velut
714 1830 909 1874 minuta
968 1830 1290 1890 contempsit,
1348 1844 1477 1891 quae
1540 1845 1630 1892 pro

128 1906 355 1953 maximis
369 1901 389 1933 ²
409 1901 583 1965 volgus
602 1907 746 1964 optat
764 1916 775 1957 ;
811 1904 944 1964 perit
966 1904 1128 1965 gratia
1146 1907 1202 1949 et
1225 1901 1402 1948 relatio
1421 1906 1629 1966 gratiae,

126 1984 167 2027 si
214 1981 452 2026 timemus
503 1974 764 2033 laborem,²³
810 1978 851 2022 si
897 1978 1165 2039 quicquam
1218 1979 1483 2039 pretiosius
1530 1977 1630 2027 fide

127 2056 373 2110 novimus,
397 2053 437 2097 si
462 2066 561 2096 non
587 2053 777 2112 optima
801 2055 1098 2112 spectamus.

45 2130 105 2177 14
212 2125 316 2175 Sed
350 2130 409 2173 ut
442 2123 529 2171 illa
568 2129 898 2186 praeteream,
933 2130 1020 2170 aut
1056 2127 1152 2171 ista
1191 2124 1323 2171 bona
1357 2141 1458 2171 non
1494 2132 1630 2186 sunt,

395 2232 412 2259 ¹
439 2246 655 2274 summum
675 2231 789 2273 later
808 2230 938 2274 MSS.
960 2248 973 2279 ς
1000 2245 1216 2273 summam
1234 2230 1360 2273 VPb.

353 2286 374 2315 ²
394 2301 481 2342 pro
499 2286 700 2328 maximis
719 2286 831 2327 later
851 2285 981 2328 MSS.
1003 2302 1015 2334 ;
1075 2285 1254 2327 roximis
1273 2285 1400 2329 VPb.

454 2340 471 2367 ⁸
500 2341 688 2383 laborem
707 2340 818 2382 later
839 2339 968 2382 MSS.
991 2356 1003 2388 ς
1079 2340 1156 2381 bor
1175 2339 1303 2382 VPb.

194 2458 216 2479 ⁰
242 2449 351 2491 This
380 2448 543 2502 phrase
571 2447 729 2489 recalls
757 2447 836 2511 the
865 2446 962 2511 title
990 2446 1042 2488 of
1065 2460 1151 2488 one
1180 2447 1232 2488 of
1256 2445 1466 2512 Seneca’s
1491 2447 1631 2502 philo·
1669 2477 1670 2481 =

129 2503 540 2603 ἳξὲἑΐὶπεεέἰὲἴίἆ
557 2501 950 2599 sstomntta,
970 2514 1022 2543 or
1042 2501 1186 2553 Quare
1206 2501 1344 2543 Rome
1369 2501 1487 2544 Varus
1503 2503 1630 2545 Mala
1668 2554 1670 2576 Ι

134 2630 231 2674 120
