1702 2918
446 163 593 210 THE
629 162 949 238 EPISTLES
986 162 1076 209 OF
1111 161 1377 209 SENECA

86 319 109 323 -7
165 289 307 342 spem
350 276 547 320 venturi
586 271 707 318 hiat.
800 270 943 317 Idem
985 273 1156 318 evenit
1194 269 1367 325 nobis;
1419 266 1655 331 quicquid

165 362 550 424 expectantibus
575 360 776 407 fortuna
799 361 1026 422 proiecit,
1049 358 1103 405 id
1127 361 1234 405 sine
1266 356 1369 404 ulla
1400 355 1658 418 voluptate

164 449 479 496 demittimus
530 451 718 506 statim,
764 447 829 494 ad
874 450 1098 510 rapinam
1145 446 1349 493 alterius
1404 447 1561 492 erecti
1607 449 1660 491 et

165 537 429 584 adtoniti.”
521 537 635 583 Hoc
682 538 896 598 sapienti
942 551 1045 582 non
1091 538 1291 590 evenit3
1342 533 1521 596 plenus
1567 537 1658 580 est.

167 625 335 672 Fffiam
382 628 423 672 si
469 625 592 689 quid
637 625 861 682 obvenit,
901 639 1076 671 secure
1123 625 1311 686 excipit
1350 638 1408 668 ac
1448 623 1659 684 reponit.

115 715 143 762 9
169 713 388 760 Laetitia
406 712 588 760 fruitur
605 715 836 770 maxima,
856 714 1111 769 continua,
1130 727 1229 758 sua.
1292 710 1468 756 Habet
1485 709 1662 772 aliquis

167 802 350 848 bonam
373 801 703 860 voluntatem,
727 800 884 847 habet
907 798 1205 863 profectum,
1230 798 1320 846 sed
1344 801 1424 845 cui
1447 797 1663 844 multum

167 889 299 936 desit
323 907 353 936 a
384 906 607 946 summo;
640 889 724 936 hic
755 888 1055 951 deprimitur
1083 887 1290 937 alternis
1321 892 1376 934 et
1406 885 1664 933 extollitur

167 994 226 1024 ac
270 977 419 1025 modo
465 981 519 1024 in
565 977 760 1024 caelum
813 976 1088 1034 adlevatur,
1134 974 1283 1022 modo
1329 973 1556 1022 defertur
1599 971 1664 1020 ad

168 1073 366 1114 terram.
435 1065 687 1129 Imperitis
702 1066 719 1096 ¹
745 1082 803 1112 ac
827 1065 1033 1112 rudibus
1056 1063 1222 1111 nullus
1241 1064 1665 1127 praecipitationis

168 1155 279 1202 finis
315 1161 422 1211 est;
458 1158 510 1201 in
546 1155 850 1217 Epicureum
884 1152 1012 1200 illud
1044 1152 1192 1200 chaos
1216 1150 1477 1208 decidunt,
1500 1154 1666 1207 inane,

89 1244 152 1291 10
169 1247 277 1291 sine
309 1246 537 1290 termino.
611 1242 704 1290 Est
734 1241 900 1289 adhuc
933 1257 1095 1305 genus
1128 1244 1335 1288 tertium
1368 1255 1556 1296 eorum,
1580 1240 1666 1302 qui

172 1334 447 1394 sapientiae
479 1330 746 1389 adludunt,
770 1346 921 1393 quam
953 1346 1056 1376 non
1087 1329 1293 1393 quidem
1328 1331 1666 1390 contigerunt,

170 1423 225 1467 in
249 1426 522 1483 conspectu
545 1425 719 1467 tamen
745 1425 814 1477 et,
834 1424 891 1465 ut
914 1422 986 1465 ita
1010 1418 1189 1476 dicam,
1208 1417 1301 1464 sub
1318 1419 1422 1463 ictu
1446 1415 1668 1472 habent3

172 1507 225 1554 hi
249 1524 351 1554 non
384 1511 755 1565 concutiuntur,
780 1522 846 1554 ne
878 1505 1107 1554 defluunt
1138 1505 1354 1569 quidem.
1431 1503 1667 1551 Nondum

171 1599 225 1643 in
249 1599 393 1655 sicco,
419 1600 518 1643 iam
542 1599 595 1643 in
619 1602 767 1659 portu
793 1601 923 1643 sunt.

91 1686 147 1732 11
259 1686 393 1749 Ergo
418 1703 531 1732 cum
555 1692 661 1733 tam
684 1701 867 1747 magna
898 1688 1001 1731 sint
1030 1687 1165 1732 inter
1196 1700 1413 1731 summos
1443 1687 1669 1747 imosque

172 1774 474 1832 discrimina,
521 1790 636 1821 cum
681 1772 874 1820 medios
920 1788 1120 1836 quoque
1175 1777 1413 1836 sequatur
1457 1770 1669 1819 fluctus²

174 1881 308 1922 suus,
324 1869 562 1926 sequatur
575 1866 754 1926 ingens
771 1861 1047 1926 periculum
1066 1860 1131 1908 ad
1146 1860 1395 1908 deteriora
1408 1859 1671 1919 redeundi,

174 1969 276 2000 non
295 1952 538 1999 debemus
556 1950 965 2014 occupationibus
983 1949 1261 2012 indulgere.
1311 1949 1671 1997 Excludendae
1687 1988 1692 1992 ,

176 2047 323 2097 sunt3
359 2043 400 2087 si
432 2039 590 2087 semel
618 2041 931 2096 intraverint,
955 2041 1009 2084 in
1039 2038 1205 2085 locum
1236 2054 1381 2085 suum
1412 2037 1532 2085 alias
1556 2037 1671 2084 sub-

175 2134 404 2179 stituent.
480 2129 738 2192 Principiis
778 2132 975 2179 illarum
1009 2131 1277 2178 obstemus.
1352 2126 1535 2174 Melius
1570 2143 1672 2173 non

176 2222 438 2281 incipient,
463 2235 611 2282 quam
637 2218 886 2267 desinent.
959 2219 1110 2266 VALE.

446 2323 462 2349 ¹
490 2323 703 2377 imperitis
721 2323 833 2365 later
852 2322 982 2366 MSS.
1003 2340 1016 2372 ς
1043 2323 1261 2377 impeditis
1281 2321 1407 2363 VPb.

498 2377 516 2402 ²
533 2378 700 2432 fluctus
718 2378 830 2420 later
850 2377 980 2420 MSS.
1001 2395 1014 2426 ς
1032 2378 1213 2432 fructus
1233 2375 1358 2418 VPb.

243 2471 265 2491 ⁶
291 2463 388 2504 The
415 2462 537 2504 Void
565 2463 746 2516 (inane),
767 2477 818 2505 or
836 2463 1010 2505 infinite
1037 2475 1186 2516 space.
1207 2475 1257 2503 as
1286 2459 1543 2502 contrasted
1563 2460 1669 2502 with
1698 2436 1702 2514 Ξ

177 2517 258 2560 the
281 2521 428 2560 atoms
448 2517 592 2559 which
612 2517 729 2559 form
748 2531 848 2559 new
866 2517 1028 2560 worlds
1047 2518 1092 2558 in
1112 2517 1378 2558 continuous
1398 2516 1666 2557 succession.
1697 2527 1701 2585 f

186 2629 278 2672 102
1697 2606 1700 2637 ¹

1696 2753 1697 2764 1

1696 2770 1702 2784 Α
