1702 2918
473 202 619 249 THE
654 202 974 251 EPISTLES
1011 204 1101 251 OF
1135 203 1401 251 SENECA

100 312 172 359 28
194 308 349 356 Modo
382 309 532 358 latius
566 315 722 359 virtus
757 313 1001 372 funditur,
1033 330 1189 376 regna
1224 314 1371 360 urbes
1404 315 1679 375 provincias

191 396 459 454 temperat,
484 391 584 439 fert
607 392 764 456 leges,
788 394 908 441 colit
931 398 1190 452 amicitias,
1215 397 1350 441 inter
1377 397 1679 457 propinquos

190 471 473 536 liberosque
520 473 778 537 dispensat
823 475 996 534 officia,
1043 476 1191 523 modo
1239 482 1348 523 arto
1406 475 1505 523 fine
1563 492 1678 521 con-

191 553 411 601 cluditur
466 559 775 618 paupertatis
823 557 960 604 exilii
1011 558 1251 604 orbitatis,
1347 557 1463 604 Non
1508 563 1679 603 tamen

190 641 354 683 minor
376 643 470 695 est,
494 640 536 683 si
560 653 623 684 ex
657 637 833 685 altiore
865 637 1066 702 fastigio
1089 642 1143 685 in
1166 642 1430 701 privatum,
1456 654 1518 685 ex
1541 641 1679 699 regio

107 721 170 768 29
191 721 245 764 in
268 717 459 765 humile
474 718 492 749 1
516 718 827 778 subducitur,
853 736 915 767 ex
947 720 1149 783 publico
1178 725 1232 767 et
1256 722 1472 782 spatioso
1495 722 1603 765 iure
1626 721 1676 765 in

191 804 445 863 angustias
470 799 646 847 domus
669 800 751 848 vel
783 801 956 864 anguli
989 805 1102 848 coit.
1177 801 1355 864 Aeque
1380 817 1562 863 magna
1585 805 1679 857 est,

191 884 346 929 etiam
370 885 411 928 si
435 885 487 928 in
511 898 565 929 se
588 886 796 930 recessit
813 883 1037 946 undique
1057 882 1270 931 exclusa.
1346 882 1680 929 Nihilominus

191 966 327 1011 enim
346 966 515 1026 magni
533 966 735 1026 spiritus
754 970 832 1011 est
857 970 911 1012 et
935 968 1107 1023 erecti,
1133 971 1339 1012 exactae
1363 963 1679 1027 prudentiae,

189 1044 556 1093 indeclinabilis
613 1048 848 1093 iustitiae.
955 1046 1090 1109 Ergo
1159 1061 1320 1109 aeque
1379 1045 1527 1092 beata
1583 1048 1674 1091 est.

191 1126 402 1174 Beatum
444 1130 579 1173 enim
620 1126 747 1173 illud
787 1143 889 1174 uno
929 1127 1039 1174 loco
1080 1131 1298 1191 positum
1347 1132 1440 1185 est,
1474 1130 1526 1172 in
1572 1129 1680 1188 ipsa

189 1214 380 1267 mente,
395 1207 603 1271 grande,
618 1208 815 1267 stabile,
833 1209 1175 1273 tranquillum,
1194 1208 1329 1272 quod
1344 1211 1451 1255 sine
1470 1209 1678 1254 scientia

190 1290 471 1337 divinorum
494 1289 925 1354 humanorumque
949 1307 1052 1338 non
1076 1297 1246 1354 potest
1270 1290 1409 1337 effici.

106 1377 170 1424 30
274 1370 512 1435 Sequitur
530 1371 673 1430 illud,
689 1371 824 1435 quod
840 1388 921 1420 me
936 1389 1288 1435 responsurum
1309 1387 1418 1419 esse
1433 1370 1676 1418 dicebam.

190 1453 307 1500 Non
330 1452 584 1516 adfligitur
607 1456 803 1516 sapiens
835 1453 1102 1501 liberorum
1126 1457 1407 1512 amissione,
1431 1469 1533 1499 non
1557 1455 1678 1498 ami-

188 1551 371 1583 corum.
446 1534 640 1582 Eodem
682 1538 816 1582 enim
858 1538 1026 1582 animo
1066 1535 1167 1583 fert
1207 1535 1406 1582 illorum
1446 1539 1677 1592 mortem,

188 1633 287 1681 quo
329 1633 468 1663 suam
510 1622 759 1679 expectat.
836 1616 950 1663 Non
985 1620 1144 1680 magis
1180 1617 1309 1663 hanc
1345 1619 1494 1663 timet
1528 1631 1678 1680 quam

186 1699 324 1746 illam
371 1698 524 1745 dolet.
619 1698 789 1745 Virtus
849 1702 985 1745 enim
1042 1701 1394 1746 convenientia
1450 1702 1678 1753 constat3

187 1783 355 1826 omnia
378 1796 529 1842 opera
554 1783 659 1827 eius
685 1796 798 1826 cum
827 1783 934 1843 ipsa
967 1779 1274 1828 concordant
1297 1786 1353 1827 et
1376 1784 1673 1842 congruunt.

189 1861 334 1909 Haec
358 1861 622 1909 concordia
645 1865 794 1925 perit,
819 1865 859 1909 si
883 1865 1094 1920 animus,
1112 1879 1263 1926 quem
1290 1861 1543 1910 excelsum
1568 1877 1676 1908 esse

186 1949 403 2007 oportet,
427 1943 569 1990 luctu
593 1949 681 1990 aut
705 1943 950 1991 desiderio
982 1947 1326 1991 summittitur.
1402 1942 1677 1990 Inhonesta

186 2031 266 2073 est
279 2028 439 2072 omnis
458 2024 729 2088 trepidatio
749 2031 803 2072 et
817 2024 1117 2084 sollicitudo,
1132 2028 1185 2071 in
1203 2025 1307 2072 ullo
1325 2030 1440 2071 actu
1457 2026 1671 2087 pigritia.

187 2107 476 2154 Honestum
513 2110 650 2154 enim
684 2123 914 2154 securum
949 2113 1003 2154 et
1035 2106 1327 2170 expeditum
1361 2113 1454 2164 est,
1477 2109 1675 2152 interri-

102 2189 162 2237 31
187 2195 296 2236 tum
312 2194 405 2246 est,
421 2191 473 2235 in
488 2191 748 2251 procinctu
764 2193 878 2236 stat.
941 2192 974 2215 “
990 2187 1126 2247 Quid
1142 2204 1262 2251 ergo
1278 2191 1298 2236 ?
1355 2187 1471 2234 Non
1486 2185 1675 2250 aliquid
1696 2243 1699 2246 ,

185 2271 551 2334 perturbationi
591 2269 753 2317 simile
794 2270 1051 2332 patietur?
1144 2270 1259 2316 Non
1301 2275 1355 2317 et
1395 2269 1529 2316 color
1568 2271 1674 2316 eius
1695 2311 1697 2314 ,

539 2355 553 2381 ¹
584 2356 741 2398 humile
762 2355 944 2405 Haase3
973 2356 1176 2398 humilem
1194 2355 1321 2398 VPb.
1694 2350 1696 2355 ’

249 2451 272 2524 ἶ
296 2441 529 2549 ἓὲῗὶέᾱρίᾗ
551 2495 629 2537 the
652 2495 774 2549 early
794 2495 939 2538 Stoics
966 2497 1190 2546 ὁμολογίας
1219 2495 1298 2537 the
1321 2495 1421 2536 idea
1447 2495 1499 2536 of
1525 2500 1556 2519 “
1570 2482 1694 2546 con-}

185 2551 370 2604 formity
408 2550 514 2591 with
552 2553 710 2591 nature
724 2549 749 2566 ”
785 2551 823 2591 is
860 2563 889 2590 a
925 2549 1234 2591 fundamental
1272 2549 1474 2591 doctrine
1510 2548 1562 2591 of
1594 2549 1693 2594 the,

186 2604 351 2649 school.
411 2603 496 2646 See
517 2603 753 2645 Rackham
772 2617 830 2644 on
851 2602 1021 2651 Cicero,
1042 2604 1108 2645 Do
1127 2603 1225 2645 Fin.
1250 2605 1310 2645 iii.
1334 2606 1399 2646 21.
1690 2617 1693 2626 ·

192 2676 284 2719 132
