1702 2918
505 97 653 145 THE
689 96 1012 145 EPISTLES
1050 98 1141 145 OF
1175 97 1443 145 SENECA

224 210 372 254 armis
402 208 793 271 quiescentibus,
821 223 938 254 cum
967 212 1079 254 toto
1105 207 1226 254 orbe
1261 213 1506 255 terrarum
1541 208 1631 255 dii*
1679 187 1691 208 ⁸

224 287 464 332 securitas
517 288 599 342 sit,
654 284 1014 348 Lugudunum,
1059 284 1195 347 quod
1252 284 1614 333 ostendebatur

225 362 406 420 Gallia,
430 365 697 426 quaeritur.

311 440 559 488 Omnibus
617 439 833 497 fortuna,
885 456 1010 503 quos
1067 438 1270 502 publice
1328 439 1536 499 adflixit,
1583 458 1617 506 q
1648 460 1681 519 ⁸}

225 521 414 580 passuri
438 523 598 575 erant,
617 521 798 564 timere
821 519 1061 580 permisit.
1128 516 1289 570 Nulla
1312 533 1390 565 res
1413 535 1597 582 magna
1632 543 1638 561 ·
1675 515 1692 548 's

226 594 428 659 aliquod
455 595 633 642 habuit
663 597 837 642 ruinae
869 610 988 641 suae
1017 597 1266 657 spatium3
1300 598 1354 642 in
1381 594 1476 642 hac
1500 613 1600 643 una
1640 590 1642 593 ’
1676 609 1698 647 ',

225 673 457 720 interfuit
481 675 615 719 inter
640 673 816 719 urbem
838 675 1106 718 maximam
1131 678 1185 719 et
1207 671 1413 720 nullam.
1486 673 1699 747 Den13:

226 752 415 799 diutius
439 750 579 797 illam
601 750 697 798 tibi
721 754 908 813 perisse
934 766 1084 814 quam
1107 754 1242 813 perit
1263 767 1421 798 narro.
1696 732 1699 744 ⁸

176 838 204 884 3
314 829 459 877 Haec
493 832 661 876 omnia
694 827 938 875 Liberalis
968 831 1126 874 nostri
1158 827 1415 875 adfectum
1446 829 1616 876 inclin

225 907 462 955 adversus
503 922 592 954 sua
631 905 827 952 firmum
869 911 924 952 et
969 910 1208 953 erectum.
1282 905 1391 953 Nec
1432 910 1538 953 sine
1616 930 1622 948 .·
1701 959 1702 963 ¹

228 1001 495 1033 concussus
527 990 635 1040 est3
682 986 1007 1047 inexpectata
1040 981 1152 1046 plus
1186 983 1492 1047 adgravant;
1531 1001 1598 1032 no
1644 1019 1647 1024 ,
1701 973 1702 1021 j

227 1062 383 1110 adicit
406 1061 774 1109 calamitatibus
797 1060 1010 1124 pondus,
1034 1076 1130 1108 nec
1155 1064 1419 1125 quisquam
1440 1063 1640 1111 mortali

228 1157 332 1188 non
355 1143 514 1202 magis
537 1139 673 1203 quod
698 1142 853 1187 etiam
875 1141 1084 1185 miratus
1108 1144 1203 1197 est,
1228 1138 1404 1187 doluit.

178 1229 202 1273 4
314 1218 439 1265 Ideo
461 1216 587 1264 nihil
612 1217 756 1264 nobis
774 1219 1082 1280 inprovisum
1101 1232 1210 1264 esse
1230 1216 1400 1264 debet.
1475 1217 1536 1265 In
1560 1234 1590 1266 o
1639 1228 1641 1230 ’
1679 1268 1687 1296 ³

230 1469 334 1499 non
369 1451 585 1509 fortuna,
621 1466 737 1497 cum
775 1449 947 1508 voluit,
977 1465 1040 1497 ex
1074 1448 1425 1498 florentissimo
1459 1450 1627 1499 detra
1654 1451 1695 1519 r'g

231 1533 384 1594 Quod
429 1549 532 1579 non
579 1547 640 1579 eo
686 1534 845 1595 magis
899 1529 1226 1594 adgrediatur
1271 1537 1327 1579 et
1372 1536 1583 1596 quatiat,
1640 1527 1693 1590 ιζ’

232 1614 501 1676 speciosius
526 1609 726 1673 fulget?
794 1607 932 1667 Quid
964 1607 1037 1655 iJli
1065 1608 1277 1656 arduum
1309 1609 1495 1673 quidve
1530 1610 1650 1675 diffif

183 1702 210 1746 5
233 1691 346 1738 est?
415 1688 534 1736 Non
562 1704 662 1735 una
693 1690 771 1734 via
797 1702 1012 1749 semper,
1036 1702 1102 1734 ne
1130 1693 1240 1734 tota
1270 1687 1475 1751 quidem
1504 1692 1622 1736 ineu
1683 1682 1688 1727 ⁸

234 1767 383 1815 modo
405 1771 600 1814 nostras
623 1769 678 1812 in
707 1780 799 1812 nos
830 1780 1006 1811 manus
1041 1763 1270 1823 advocat,
1294 1765 1443 1812 modo
1479 1769 1579 1814 suis
1624 1790 1642 1808 ι
1664 1778 1688 1834 ,J

231 1851 379 1894 tenta
401 1845 586 1891 viribus
609 1846 805 1891 invenit
837 1841 1059 1906 pericula
1086 1846 1195 1891 sine
1230 1851 1448 1892 auctore.
1525 1844 1644 1893 Null

234 1931 435 1987 tempus
470 1927 742 1985 exceptum
777 1926 855 1968 est
871 1936 884 1978 ;
930 1923 984 1968 in
1018 1923 1138 1984 ipsis
1174 1921 1519 1985 voluptatibus
1555 1940 1614 1970 ca
1656 1983 1663 1987 .

477 2008 492 2034 ¹
521 2008 736 2050 inclinant
755 2006 854 2049 cod.
879 2005 1038 2055 Harl.;
1066 2007 1371 2051 inclinandum
1392 2008 1486 2051 BA.
1647 2040 1663 2051 ..

410 2064 429 2089 ²
450 2062 797 2118 praemittendus
814 2061 927 2103 later
946 2059 1078 2104 MSS.
1098 2073 1111 2110 3
1133 2062 1452 2116 permittendus
1472 2063 1568 2106 BA.
1647 2061 1650 2070 '

302 2166 324 2187 ⁴¹
351 2158 468 2200 That
498 2157 668 2211 Lyons,
689 2156 884 2199 situated
912 2160 961 2198 at
987 2156 1067 2199 the
1089 2156 1292 2211 junction
1322 2158 1374 2199 of
1397 2158 1476 2200 the
1503 2158 1621 2201 Arar
1657 2201 1659 2204 Α
1686 2206 1690 2211 ,

238 2214 317 2256 the
338 2213 514 2260 Rhoue,
527 2225 619 2253 was
637 2210 690 2253 of
703 2210 895 2265 especial
915 2212 1200 2265 prominence
1219 2213 1264 2253 in
1285 2211 1417 2263 Gaul,
1440 2226 1546 2267 may
1566 2213 1623 2256 be
1650 2233 1653 2247 ε

240 2267 457 2322 gathered
476 2266 592 2307 from
619 2265 698 2308 the
725 2265 819 2307 fact
844 2264 944 2306 that
972 2266 1007 2307 it
1034 2265 1221 2307 boasted
1248 2279 1277 2307 a
1300 2270 1596 2318 government
1634 2287 1655 2305 ι·
1684 2313 1686 2324 Ι

240 2322 330 2363 and
358 2322 437 2363 the
464 2320 569 2362 Ara
598 2319 873 2374 Αυφιειί-ει
900 2318 1050 2360 shrine
1078 2319 1352 2361 established
1380 2320 1450 2362 for
1475 2320 1554 2362 the
1572 2334 1659 2364 ann
1684 2329 1693 2374 J

242 2375 434 2429 worship
462 2374 514 2416 of
545 2373 605 2415 all
630 2373 710 2415 the
738 2372 884 2416 Gallie
921 2376 1076 2415 states.
1136 2373 1384 2422 Moreover,
1414 2375 1494 2416 the
1522 2375 1607 2417 Em
1620 2395 1662 2412 v·
1685 2416 1693 2426 ,

242 2429 454 2472 Claudius
474 2427 698 2536 del}v)ered
719 2427 789 2470 his
808 2428 985 2469 famous
1013 2427 1198 2470 addi-ess
1221 2429 1267 2470 in
1286 2427 1386 2470 that
1405 2430 1497 2483 city
1516 2430 1611 2484 (see
1683 2425 1696 2475 ζ’

244 2485 367 2527 Ami.
390 2484 449 2526 xi.
475 2485 528 2524 23
569 2514 580 2525 .
606 2513 616 2525 .

247 2553 346 2597 432
