1702 2918
498 147 646 194 THE
682 145 1004 194 EPISTLES
1043 146 1134 194 OF
1169 145 1438 195 SENECA

226 256 500 304 dolentiam
516 272 790 318 numquam
803 256 992 302 bonum
1007 255 1169 302 dicam
1182 272 1194 313 3
1213 255 1368 303 habet
1381 257 1518 304 illam
1534 259 1702 307 cicada

227 323 382 371 habet
405 323 571 386 pulex.
646 323 723 370 Ne
747 326 973 386 quietem
997 323 1202 386 quidem
1222 329 1276 370 et
1292 323 1523 372 molestia
1546 341 1702 375 vacare

226 391 415 437 bonum
461 390 655 447 dicam;
706 389 829 453 quid
864 396 943 437 est
977 393 1183 437 otiosius
1216 394 1424 439 verme?
1491 391 1702 451 Quaeris

228 474 356 521 quae
375 474 453 505 res
472 461 753 520 sapientem
768 456 955 504 faciat?
1012 456 1156 516 Quae
1174 456 1340 505 deum.
1396 457 1501 506 Des
1519 467 1702 522 oportei

226 525 301 571 illi
336 524 561 571 divinum
596 523 802 588 aliquid,
839 523 1074 583 caeleste,
1109 526 1442 588 magnificum.
1518 527 1633 574 Non
1666 530 1702 576 ir

143 659 205 706 ‘²0
227 593 612 706 omnesxlwgnum
637 591 772 639 cadit
794 607 891 638 nec
914 590 1195 654 quemlibet
1226 607 1559 655 possessorem
1591 597 1702 658 pati.

143 688 169 705 ,ι
225 665 321 707 tur.
440 662 457 706 i
496 675 524 706 e

334 777 395 820 Et
413 777 520 832 quid
540 790 655 831 quae
690 790 744 818 ue
762 776 880 819 ferat
898 778 1020 830 regio
1039 779 1087 818 et
1105 776 1213 831 quid
1231 790 1436 832 quaeque
1455 783 1632 822 recuset
1649 798 1662 824 ε

336 831 426 874 Hic
446 835 638 885 segetes,
660 833 674 871 i
693 831 748 872 lic
768 831 955 872 veniunt
973 830 1146 873 felicius
1166 844 1293 873 uvae.

334 886 523 927 Arborei
543 886 662 927 fetus
681 885 786 926 alibi
804 888 853 926 at
885 898 942 926 ue
961 886 1130 926 iniussa
1148 886 1374 927 virescunt

333 940 563 983 Gramina.
625 939 787 981 Nonne
806 940 849 980 vi
882 951 943 990 es,
967 951 1147 981 croceos
1166 942 1216 981 ut
1234 939 1416 982 Tmolus
1436 940 1611 990 odores,

335 994 465 1036 India
484 996 637 1036 mittat
654 993 780 1041 ebur,
801 993 957 1035 molles
976 1006 1058 1035 sua
1076 996 1178 1035 tura
1195 992 1388 1036 Sabaei?

333 1048 397 1090 At
416 1047 642 1102 Chalybes
661 1047 770 1089 nudi
789 1047 970 1090 ferrum.

141 1155 197 1203 21
226 1156 332 1205 Ista
386 1159 440 1204 in
496 1159 727 1219 regiones
785 1155 1023 1218 discripta
1080 1161 1215 1213 sunt,
1270 1162 1328 1203 ut
1382 1161 1702 1208 necessarium

223 1223 515 1271 mortalibus
551 1229 686 1270 esset
708 1226 842 1270 inter
869 1225 1000 1285 ipsos
1024 1225 1394 1282 commercium,
1429 1227 1470 1271 si
1504 1219 1702 1275 invicem¹

222 1291 347 1338 alius
371 1290 560 1354 aliquid
584 1291 647 1337 ab
678 1290 775 1336 alio
799 1296 1012 1353 peteret.
1086 1288 1347 1337 Summum
1382 1291 1505 1339 illud
1531 1293 1702 1343 bonum

223 1359 380 1406 habet
427 1364 482 1405 et
527 1361 691 1420 ipsum
731 1373 870 1404 suam
917 1357 1104 1404 sedem.
1180 1358 1293 1404 Non
1350 1363 1586 1419 nascitur,
1630 1361 1702 1411 ub!

223 1427 362 1484 ebur,
398 1441 494 1473 nec
528 1426 615 1472 ubi
650 1424 850 1472 ferrum.
923 1424 1048 1484 Quis
1084 1427 1150 1471 sit
1194 1428 1376 1472 summi
1422 1427 1539 1473 boni
1580 1427 1702 1479 locui¹

222 1493 454 1557 quaeris?
523 1492 748 1541 Animus.
824 1492 926 1539 Hic
973 1495 1066 1539 nisi
1102 1507 1254 1555 purus
1292 1508 1350 1540 ac
1387 1500 1587 1541 sanctus
1623 1492 1702 1559 est]

221 1561 375 1609 deum
399 1577 501 1607 non
526 1563 674 1623 capit.

139 1630 199 1677 22
306 1628 549 1675 “Bonum
579 1644 641 1674 ex
673 1626 805 1673 malo
835 1643 939 1674 non
962 1626 1030 1674 fit.
1106 1626 1324 1674 Divitiae
1354 1627 1482 1676 fiunt
1511 1613 1702 1689 antemi

224 1712 287 1743 ex
310 1698 528 1742 avaritia.
600 1695 820 1742 Divitiae
845 1710 965 1758 ergo
989 1710 1090 1740 non
1110 1700 1228 1742 sunt
1246 1695 1480 1742 bonum.”
1553 1702 1585 1725 “
1600 1698 1680 1747 No

223 1762 348 1822 est,''
376 1765 558 1826 inquit,
583 1766 615 1789 “
629 1778 818 1819 verum,
838 1761 1022 1808 bonum
1049 1777 1112 1808 ex
1135 1761 1267 1808 malo
1291 1779 1393 1810 non
1416 1767 1566 1811 nasci.
1637 1764 1681 1814 E

223 1830 483 1894 sacrilegio
531 1832 666 1877 enim
713 1835 767 1876 et
801 1828 936 1876 furto
971 1832 1185 1892 pecunia
1231 1834 1464 1878 nascitur.
1539 1831 1683 1898 Itaqu

223 1898 411 1945 malum
445 1896 651 1961 quidem
683 1902 761 1944 est
792 1895 1108 1959 sacrilegium
1139 1902 1194 1944 et
1225 1896 1432 1956 furtum,
1462 1899 1550 1946 sed
1583 1900 1666 1949 ide

224 1969 341 2030 quia
363 1964 507 2028 plura
530 1963 661 2011 mala
684 1963 806 2011 facit
829 1979 978 2027 quam
1002 1963 1145 2010 bona.
1219 1962 1323 2011 Dat
1348 1968 1483 2012 enim
1506 1966 1648 2016 lucru

222 2033 312 2081 sed
348 2049 463 2079 cum
496 2038 654 2089 metu,
691 2030 1047 2088 sollicitudine,
1082 2035 1347 2079 tormentis
1383 2039 1436 2080 et
1476 2038 1629 2082 animi

140 2097 200 2146 23
223 2099 486 2163 corporis.’'
559 2097 797 2162 Quisquis
843 2098 938 2145 hoc
979 2097 1118 2157 dicit,
1153 2114 1359 2146 necesse
1395 2107 1474 2147 est
1508 2105 1659 2166 recipi

222 2227 508 2324 MS¹Sdivitiae
525 2228 648 2281 fiunt
666 2231 810 2268 autem
838 2225 1014 2269 Gemoll
1022 2241 1032 2278 ;
1061 2226 1238 2269 divitiae
1249 2229 1383 2281 fiunt.
1436 2231 1555 2279 fiunt
1574 2199 1702 2355 auto*

563 2448 584 2467 ⁰
616 2439 653 2482 0
672 2471 682 2481 .
705 2439 785 2482 the
803 2443 1041 2493 argument
1059 2441 1105 2481 in
1124 2439 1255 2482 lxxvi.
1282 2444 1308 2482 9
1327 2440 1358 2483 f.

397 2495 416 2524 ι
442 2495 531 2543 i.e.,
553 2508 610 2548 pe
653 2497 900 2601 εῗῒῦἓῗὲῧῖι
914 2494 1273 2602 ἓξὲξῢὲᾱέἓηὲῗ
1292 2498 1339 2537 to
1361 2495 1546 2540 Nature.
1670 2534 1691 2586 fi

225 2621 322 2662 334
