1702 2918
506 189 653 237 THE
687 189 1007 238 EPISTLES
1043 189 1133 238 OF
1167 189 1434 239 SENECA

890 506 1046 555 LXX.

558 636 753 685 SENECA
788 637 989 685 chmo
1025 654 1110 685 svo
1145 653 1365 686 SALVTEM

174 772 195 819 l
323 767 443 816 Post
464 768 672 831 longum
695 768 1016 815 intervallum
1042 769 1303 832 Pompeios
1328 776 1440 816 tuos
1464 770 1580 817 vidi.
1656 770 1702 818 In

221 849 543 906 conspectum
565 842 938 890 adulescentiae
956 858 1098 889 meae
1117 843 1354 890 reductus
1372 859 1494 891 sum.
1561 843 1702 902 Quic-

219 916 341 980 quid
373 916 476 963 illic
499 919 692 964 iuvenis
716 916 949 975 feceram,
973 916 1178 963 videbar
1206 916 1330 963 mihi
1362 916 1526 965 facere
1549 917 1702 966 adhu<

171 995 199 1040 2
219 1006 364 1054 posse
389 997 444 1037 et
467 990 615 1053 paulo
633 996 753 1037 ante
773 989 962 1038 fecisse.
1039 990 1518 1054 Praenavigavimus,
1538 991 1702 1052 Lucili-

219 1068 374 1111 vitam
414 1070 469 1112 et
514 1063 936 1127 quemadmodum
977 1067 1030 1112 in
1070 1068 1210 1124 mari,
1245 1071 1302 1111 ut
1348 1068 1420 1112 ait
1466 1065 1702 1130 Vergilius

219 1145 406 1197 noster,

606 1256 856 1311 Terraeque
875 1257 1099 1311 urbesque
1116 1257 1347 1306 recedunt,

217 1366 355 1412 sicin
371 1363 465 1412 hoc
480 1381 623 1412 cursu
643 1364 937 1427 rapidissimi
956 1369 1196 1429 temporis
1215 1370 1430 1429 primum
1447 1371 1702 1430 pueritiam

218 1438 582 1497 abscondimus,
606 1438 792 1486 deinde
815 1439 1227 1499 adulescentiam,
1250 1439 1436 1488 deinde
1468 1441 1702 1505 quidquid

219 1519 297 1561 est
315 1512 440 1560 illud
458 1516 592 1560 inter
608 1517 842 1560 iuvenem
862 1519 918 1561 et
935 1529 1110 1561 senem
1127 1513 1368 1572 medium,
1383 1517 1435 1561 in
1454 1518 1702 1579 utriusque

218 1587 432 1634 confinio
479 1590 713 1649 positum,
755 1586 942 1635 deinde
983 1591 1137 1650 ipsius
1183 1591 1459 1636 senectutis
1499 1593 1702 1652 optimos

218 1677 388 1708 annos.
484 1661 765 1708 Novissime
822 1665 1002 1724 incipit
1059 1662 1259 1710 ostendi
1318 1662 1547 1725 publicus
1603 1664 1702 1712 fini!

170 1739 196 1785 3
218 1738 419 1800 generis
475 1734 693 1782 humani.
783 1734 1055 1798 Scopulum
1113 1752 1222 1784 esse
1278 1736 1422 1783 illum
1479 1744 1702 1800 putamus

218 1809 582 1857 dementissimi
599 1824 612 1865 ;
647 1815 819 1872 portus
852 1816 945 1867 est,
977 1809 1244 1873 aliquando
1278 1811 1544 1873 petendus,
1567 1828 1702 1859 num-

218 1900 368 1947 quam
393 1882 713 1943 recusandus,
737 1886 789 1930 in
813 1899 964 1947 quem
989 1887 1030 1931 si
1058 1887 1170 1948 quis
1194 1887 1326 1931 intra
1350 1888 1533 1948 primos
1556 1902 1702 1934 annos

219 1957 418 2005 delatus
460 1963 554 2016 est,
589 1973 693 2004 non
733 1961 892 2020 magis
934 1961 1075 2022 queri
1116 1958 1273 2006 debet
1307 1974 1456 2022 quam
1490 1963 1575 2023 qui
1612 1963 1702 2008 citt

219 2035 485 2094 navigavit.
558 2031 730 2078 Alium
755 2035 906 2089 enim,
932 2038 990 2079 ut
1023 2035 1134 2090 scis,
1158 2035 1298 2080 venti
1326 2048 1506 2096 segnes
1530 2033 1702 2082 luduni

217 2123 275 2152 ac
294 2105 530 2153 detinent
546 2112 600 2153 et
613 2105 990 2169 tranquillitatis
1005 2105 1311 2154 lentissimae
1328 2106 1495 2154 taedio
1510 2107 1702 2168 lassant¹

219 2180 371 2227 alium
396 2183 628 2243 pertinax
651 2179 796 2228 flatus
820 2180 1079 2228 celerrime
1103 2179 1307 2243 perfert.

169 2258 198 2303 4
306 2253 449 2301 Idem
491 2257 692 2301 evenire
733 2254 876 2301 nobis
914 2260 1065 2316 puta:
1111 2254 1233 2301 alios
1268 2258 1371 2302 vita
1405 2255 1702 2305 velocissime

220 2327 449 2386 adduxit,
490 2344 590 2391 quo
636 2327 940 2375 veniendum
988 2334 1096 2375 erat
1141 2331 1293 2375 etiam
1342 2331 1702 2394 cunctantibus¹¹

220 2401 341 2448 alios
365 2405 634 2448 maceravit
669 2407 723 2449 et
758 2405 905 2449 coxit.
979 2399 1138 2460 Quae,
1164 2408 1222 2449 ut
1257 2405 1367 2460 scis,
1393 2419 1492 2449 non
1516 2419 1702 2467 sempe!

498 2528 522 2550 ⁸
550 2521 1205 2623 Probably'tlffezggiqsscssgof
1221 2521 1445 2569 Lucilius..

225 2641 290 2693 ⁵6
