1702 2918
439 130 587 177 THE
622 130 945 178 EPISTLES
983 131 1074 178 OF
1111 131 1379 179 SENECA

92 259 95 260 ⁷
156 255 258 286 non
300 239 554 287 delectari.
628 239 794 288 Pudet
827 244 880 287 in
915 244 1076 287 aciem
1109 241 1418 289 descendere
1452 258 1541 304 pro
1575 241 1651 290 dis
1696 271 1697 274 =

158 312 545 377 hominibusque
570 321 855 377 susceptam
879 314 1056 361 subula
1079 321 1339 362 armatum.
1692 323 1702 370 ἱ

108 387 136 432 2
243 392 275 414 “
291 387 392 446 Qui
417 387 637 451 prudens
662 394 756 446 est,
780 394 835 435 et
857 394 1145 451 temperans
1169 395 1259 436 est.
1333 389 1434 448 Qui
1457 395 1651 452 tempe·
1691 387 1702 458 l

160 477 273 508 rans
308 467 403 519 est,
438 468 494 508 et
539 468 786 509 constans.
859 460 960 520 Qui
1008 469 1240 510 constans
1275 469 1368 521 est,
1403 466 1651 526 inpertur-
1691 472 1702 532 g

159 536 306 582 batus
338 541 428 582 est.
502 535 604 593 Qui
635 536 1012 598 inperturbatus
1048 542 1143 594 est,
1175 539 1283 584 sine
1318 540 1524 584 tristitia
1558 543 1649 584 est.

161 608 261 667 Qui
286 612 394 656 sine
417 612 622 656 tristitia
646 616 740 668 est,
759 610 936 657 beatus
955 616 1064 666 est;
1099 626 1220 673 ergo
1237 610 1457 674 prudens
1477 611 1654 659 beatus

162 689 240 729 est
264 689 318 730 et
341 683 611 746 prudentia
634 683 698 730 ad
721 683 923 730 beatam
947 687 1102 731 vitam
1126 687 1246 731 satis
1271 684 1396 732 est.''

108 752 139 799 3
246 756 384 804 Huic
430 756 715 804 collectioni
760 757 856 804 hoc
896 757 1046 805 modo
1095 757 1417 821 Peripatetici
1451 757 1654 822 quidam

162 831 487 893 respondent,
511 837 569 878 ut
601 831 1005 894 inperturbatum
1037 838 1092 879 et
1122 838 1439 879 constantem
1469 838 1524 880 et
1547 835 1654 880 sine

158 908 364 952 tristitia
382 908 451 952 sic
470 909 885 968 interpretentur,
902 911 1160 969 tamquam
1182 906 1558 969 inperturbatus
1581 906 1655 953 di-

159 985 318 1038 catur,
341 983 427 1042 qui
451 996 559 1026 raro
590 979 912 1042 perturbatur
943 986 997 1027 et
1027 979 1240 1039 modice,
1262 996 1366 1027 non
1395 983 1481 1044 qui
1512 997 1655 1027 num-

162 1069 326 1117 quam.
401 1053 533 1101 Item
568 1057 676 1100 sine
711 1056 918 1101 tristitia
957 1069 1074 1101 eum
1108 1054 1208 1102 dici
1242 1058 1401 1113 aiunt,
1434 1057 1521 1118 qui
1555 1070 1655 1102 non

162 1134 241 1175 est
271 1127 515 1175 obnoxius
546 1131 780 1175 tristitiae
812 1143 908 1175 nec
932 1126 1170 1191 frequens
1201 1131 1446 1176 nimiusve
1477 1132 1530 1175 in
1561 1127 1656 1176 hoc

162 1205 297 1249 vitio.
371 1201 507 1248 Illud
531 1205 666 1249 enim
689 1201 960 1248 humanam
983 1208 1213 1249 naturam
1231 1218 1434 1265 negare,
1452 1202 1657 1250 alicuius

163 1279 385 1322 animum
408 1279 670 1322 inmunem
689 1291 798 1323 esse
815 1279 1032 1323 tristitia.
1095 1275 1386 1339 Sapientem
1406 1293 1509 1323 non
1527 1279 1657 1324 vinci

162 1365 403 1407 maerore,
428 1355 654 1397 ceterum
677 1352 832 1413 tangi.
906 1350 974 1397 Et
1006 1355 1175 1397 cetera
1205 1353 1258 1397 in
1287 1349 1423 1397 hunc
1454 1350 1658 1398 modum

111 1427 142 1474 4
165 1430 333 1471 sectae
365 1439 483 1470 suae
515 1423 886 1486 respondentia.
960 1423 1076 1470 Non
1098 1423 1177 1471 his
1201 1423 1390 1471 tollunt
1413 1423 1659 1484 adfectus,
1680 1454 1702 1496 45

164 1497 253 1545 sed
289 1503 588 1561 temperant.
662 1495 978 1554 Quantulum
1012 1503 1182 1545 autem
1219 1501 1434 1560 sapienti
1468 1498 1690 1559 damus„

165 1575 205 1619 si
246 1571 631 1619 inbecillissimis
666 1570 840 1618 fortior
887 1577 965 1619 est
1006 1577 1060 1619 et
1103 1575 1444 1619 maestissimis
1483 1567 1689 1620 laetior

165 1652 220 1693 et
266 1644 655 1693 effrenatissimis
693 1644 997 1692 moderatior
1042 1651 1097 1692 et
1135 1645 1426 1693 humillimis
1470 1641 1660 1693 maior?

166 1718 320 1778 Quid,
344 1722 385 1766 si
408 1722 619 1766 miretur
641 1718 962 1767 velocitatem
985 1734 1125 1766 suam
1151 1718 1313 1766 Ladas
1330 1719 1346 1750 ¹
1371 1718 1435 1767 ad
1459 1719 1660 1767 claudos

165 1792 460 1857 debilesque
484 1793 790 1856 respiciens?

329 1890 412 1932 Illa
431 1889 502 1932 vel
520 1892 716 1932 intactae
737 1891 902 1944 segetis
922 1903 1002 1944 per
1020 1903 1197 1932 summa
1216 1891 1386 1932 volaret

327 1954 545 1999 Gramina
564 1969 646 1996 nec
666 1968 798 1996 cursu
817 1957 994 1996 teneras
1014 1953 1219 1996 laesisset
1237 1956 1413 2002 aristas,

325 2019 409 2061 Vel
429 2033 550 2061 mare
570 2033 649 2073 per
667 2019 864 2061 medium
883 2018 1023 2061 fluctu
1043 2031 1260 2073 suspensa
1277 2020 1470 2061 tumenti
1680 1982 1698 2119 ι

328 2083 482 2126 Ferret
501 2086 584 2125 iter
603 2083 768 2125 celeres
788 2097 872 2125 nec
891 2085 1117 2137 tingueret
1136 2097 1330 2138 aequore
1347 2083 1539 2138 plantas.

523 2180 538 2205 ¹
566 2180 715 2222 Ladas
734 2179 942 2233 Lipsius;
971 2180 1159 2221 laudans
1176 2179 1300 2222 VPb.

231 2275 254 2296 ⁶
281 2267 349 2310 Cf.
374 2266 464 2320 Ep.
487 2266 636 2307 lxxxii.
660 2267 714 2307 24-
731 2265 887 2307 subula
906 2265 1067 2307 leonem
1096 2266 1286 2320 excipis?

148 2330 154 2332 ’
233 2323 250 2348 ⁶
278 2321 330 2364 E.
354 2321 409 2363 V.
434 2320 606 2362 Arnold
626 2320 820 2372 (Roman
840 2319 1053 2368 Stoicism,
1070 2333 1114 2374 p.
1133 2321 1232 2370 333)
1247 2319 1356 2362 calls
1370 2322 1592 2362 attention
1613 2324 1659 2363 to

166 2376 244 2418 the
271 2376 451 2429 passion
479 2374 531 2416 of
554 2387 709 2428 anger,
739 2374 810 2415 for
838 2373 1056 2427 example.
1089 2374 1229 2415 which
1263 2374 1341 2415 the
1371 2373 1659 2428 Peripatetics
1693 2402 1696 2407 >

168 2428 368 2471 believed
387 2428 547 2470 should
566 2428 623 2469 be
644 2427 756 2482 kept
774 2427 918 2468 under
935 2427 1124 2474 control,
1139 2428 1221 2470 but
1240 2431 1319 2469 not
1338 2431 1454 2470 stam
1488 2429 1544 2469 ed
1563 2432 1655 2471 out.

233 2491 250 2511 ⁶
276 2483 444 2537 Vergil,
466 2482 652 2529 Aeneia,
673 2483 746 2524 vii.
769 2485 850 2522 808
869 2481 914 2524 ff.
974 2481 1070 2523 The
1097 2481 1208 2523 lines
1231 2481 1434 2524 describe
1494 2483 1655 2531 amula,

165 2538 244 2580 the
262 2536 473 2579 Volscian
491 2535 911 2578 warrior—huntress.

166 2600 264 2652 286
