<?xml version="1.0" encoding="UTF-8"?>
<!DOCTYPE html PUBLIC "-//W3C//DTD XHTML 1.0 Transitional//EN"
    "http://www.w3.org/TR/xhtml1/DTD/xhtml1-transitional.dtd">
<html xmlns="http://www.w3.org/1999/xhtml" xml:lang="en" lang="en">
 <head>
  <title>
</title>
<meta http-equiv="Content-Type" content="text/html;charset=utf-8" />
  <meta name='ocr-system' content='tesseract 3.04.00' />
  <meta name='ocr-capabilities' content='ocr_page ocr_carea ocr_par ocr_line ocrx_word'/>
</head>
<body>
  <div class='ocr_page' id='page_1' title='image "adluciliumepistu02seneuoft_0094.png"; bbox 0 0 1702 2918; ppageno 0'>
   <div class='ocr_carea' id='block_1_1' title="bbox 466 203 1396 253">
    <p class='ocr_par' dir='ltr' id='par_1_1' title="bbox 466 203 1396 253">
     <span class='ocr_line' id='line_1_1' title="bbox 466 203 1396 253; baseline 0.003 -3"><span class='ocrx_word' id='word_1_1' title='bbox 466 203 614 251; x_wconf 93' lang='lat' dir='ltr'><strong>THE</strong></span> <span class='ocrx_word' id='word_1_2' title='bbox 650 204 970 253; x_wconf 91' lang='lat' dir='ltr'>EPISTLES</span> <span class='ocrx_word' id='word_1_3' title='bbox 1007 204 1097 252; x_wconf 92' lang='lat' dir='ltr'><strong>OF</strong></span> <span class='ocrx_word' id='word_1_4' title='bbox 1131 204 1396 253; x_wconf 90' lang='lat' dir='ltr'><strong>SENECA</strong></span> 
     </span>
    </p>
   </div>
   <div class='ocr_carea' id='block_1_2' title="bbox 80 311 1702 2154">
    <p class='ocr_par' dir='ltr' id='par_1_2' title="bbox 80 311 1679 599">
     <span class='ocr_line' id='line_1_2' title="bbox 80 311 1676 375; baseline 0.001 -17"><span class='ocrx_word' id='word_1_5' title='bbox 80 372 101 375; x_wconf 22' lang='grc' dir='ltr'>ι</span> <span class='ocrx_word' id='word_1_6' title='bbox 187 311 378 360; x_wconf 83' lang='lat' dir='ltr'><strong>fecerat</strong></span> <span class='ocrx_word' id='word_1_7' title='bbox 456 319 834 372; x_wconf 78' lang='lat' dir='ltr'><strong>retractantem,</strong></span> <span class='ocrx_word' id='word_1_8' title='bbox 897 313 1376 361; x_wconf 89' lang='lat' dir='ltr'><strong>calamitosissimum</strong></span> <span class='ocrx_word' id='word_1_9' title='bbox 1456 319 1676 361; x_wconf 88' lang='lat' dir='ltr'><strong>omnium</strong></span> 
     </span>
     <span class='ocr_line' id='line_1_3' title="bbox 190 386 1676 451; baseline 0.001 -18"><span class='ocrx_word' id='word_1_10' title='bbox 190 386 440 450; x_wconf 89' lang='lat' dir='ltr'><strong>Regulum</strong></span> <span class='ocrx_word' id='word_1_11' title='bbox 474 387 591 434; x_wconf 88' lang='lat' dir='ltr'><strong>fidei</strong></span> <span class='ocrx_word' id='word_1_12' title='bbox 626 404 812 451; x_wconf 88' lang='lat' dir='ltr'><strong>poenas</strong></span> <span class='ocrx_word' id='word_1_13' title='bbox 848 391 1001 435; x_wconf 88' lang='lat' dir='ltr'><strong>etiam</strong></span> <span class='ocrx_word' id='word_1_14' title='bbox 1036 387 1262 435; x_wconf 84' lang='lat' dir='ltr'><strong>hostibus</strong></span> <span class='ocrx_word' id='word_1_15' title='bbox 1295 394 1520 436; x_wconf 88' lang='lat' dir='ltr'><strong>servatae</strong></span> <span class='ocrx_word' id='word_1_16' title='bbox 1557 405 1676 450; x_wconf 89' lang='lat' dir='ltr'><strong>pen-</strong></span> 
     </span>
     <span class='ocr_line' id='line_1_4' title="bbox 186 460 1679 525; baseline 0 -17"><span class='ocrx_word' id='word_1_17' title='bbox 186 460 410 509; x_wconf 82' lang='lat' dir='ltr'><strong>dentem.</strong></span> <span class='ocrx_word' id='word_1_18' title='bbox 482 462 639 525; x_wconf 88' lang='lat' dir='ltr'><strong>Atqui</strong></span> <span class='ocrx_word' id='word_1_19' title='bbox 669 478 819 509; x_wconf 91' lang='lat' dir='ltr'><strong>nemo</strong></span> <span class='ocrx_word' id='word_1_20' title='bbox 851 461 945 509; x_wconf 85' lang='lat' dir='ltr'><strong>hoc</strong></span> <span class='ocrx_word' id='word_1_21' title='bbox 981 461 1166 520; x_wconf 87' lang='lat' dir='ltr'><strong>dicere,</strong></span> <span class='ocrx_word' id='word_1_22' title='bbox 1190 478 1256 509; x_wconf 89' lang='lat' dir='ltr'><strong>ne</strong></span> <span class='ocrx_word' id='word_1_23' title='bbox 1290 478 1352 509; x_wconf 91' lang='lat' dir='ltr'><strong>ex</strong></span> <span class='ocrx_word' id='word_1_24' title='bbox 1379 461 1679 509; x_wconf 90' lang='lat' dir='ltr'><strong>mollissimis</strong></span> 
     </span>
     <span class='ocr_line' id='line_1_5' title="bbox 187 535 1679 599; baseline 0.001 -18"><span class='ocrx_word' id='word_1_25' title='bbox 187 535 409 598; x_wconf 91' lang='lat' dir='ltr'><strong>quidem,</strong></span> <span class='ocrx_word' id='word_1_26' title='bbox 433 551 580 583; x_wconf 90' lang='lat' dir='ltr'><strong>ausus</strong></span> <span class='ocrx_word' id='word_1_27' title='bbox 605 542 695 583; x_wconf 92' lang='lat' dir='ltr'><strong>est.</strong></span> <span class='ocrx_word' id='word_1_28' title='bbox 770 535 976 599; x_wconf 84' lang='lat' dir='ltr'><strong>Negant</strong></span> <span class='ocrx_word' id='word_1_29' title='bbox 1000 539 1136 583; x_wconf 90' lang='lat' dir='ltr'><strong>enim</strong></span> <span class='ocrx_word' id='word_1_30' title='bbox 1159 535 1303 583; x_wconf 93' lang='lat' dir='ltr'><strong>illum</strong></span> <span class='ocrx_word' id='word_1_31' title='bbox 1322 552 1431 584; x_wconf 91' lang='lat' dir='ltr'><strong>esse</strong></span> <span class='ocrx_word' id='word_1_32' title='bbox 1455 537 1679 595; x_wconf 91' lang='lat' dir='ltr'><strong>beatum,</strong></span> 
     </span>
    </p>

    <p class='ocr_par' dir='ltr' id='par_1_3' title="bbox 103 606 1702 1266">
     <span class='ocr_line' id='line_1_6' title="bbox 103 606 1679 673; baseline 0.002 -19"><span class='ocrx_word' id='word_1_33' title='bbox 103 606 165 654; x_wconf 88' lang='lat'><strong>18</strong></span> <span class='ocrx_word' id='word_1_34' title='bbox 187 608 277 655; x_wconf 91' lang='lat' dir='ltr'><strong>sed</strong></span> <span class='ocrx_word' id='word_1_35' title='bbox 334 615 504 656; x_wconf 90' lang='lat' dir='ltr'><strong>tamen</strong></span> <span class='ocrx_word' id='word_1_36' title='bbox 551 615 744 673; x_wconf 88' lang='lat' dir='ltr'><strong>negant</strong></span> <span class='ocrx_word' id='word_1_37' title='bbox 799 613 1048 657; x_wconf 87' lang='lat' dir='ltr'><strong>miserum.</strong></span> <span class='ocrx_word' id='word_1_38' title='bbox 1145 610 1436 657; x_wconf 85' lang='lat' dir='ltr'><strong>Academici</strong></span> <span class='ocrx_word' id='word_1_39' title='bbox 1485 616 1679 658; x_wconf 89' lang='lat' dir='ltr'><strong>veteres</strong></span> 
     </span>
     <span class='ocr_line' id='line_1_7' title="bbox 186 683 1679 746; baseline 0.001 -18"><span class='ocrx_word' id='word_1_40' title='bbox 186 683 391 729; x_wconf 90' lang='lat' dir='ltr'><strong>beatum</strong></span> <span class='ocrx_word' id='word_1_41' title='bbox 450 683 656 746; x_wconf 90' lang='lat' dir='ltr'><strong>quidem</strong></span> <span class='ocrx_word' id='word_1_42' title='bbox 714 700 823 731; x_wconf 92' lang='lat' dir='ltr'><strong>esse</strong></span> <span class='ocrx_word' id='word_1_43' title='bbox 881 687 1035 731; x_wconf 89' lang='lat' dir='ltr'><strong>etiam</strong></span> <span class='ocrx_word' id='word_1_44' title='bbox 1091 687 1226 731; x_wconf 91' lang='lat' dir='ltr'><strong>inter</strong></span> <span class='ocrx_word' id='word_1_45' title='bbox 1284 683 1375 730; x_wconf 92' lang='lat' dir='ltr'><strong>hos</strong></span> <span class='ocrx_word' id='word_1_46' title='bbox 1433 686 1679 731; x_wconf 89' lang='lat' dir='ltr'><strong>cruciatus</strong></span> 
     </span>
     <span class='ocr_line' id='line_1_8' title="bbox 186 755 1702 821; baseline 0.001 -18"><span class='ocrx_word' id='word_1_47' title='bbox 186 755 428 815; x_wconf 90' lang='lat' dir='ltr'><strong>fatentur,</strong></span> <span class='ocrx_word' id='word_1_48' title='bbox 475 757 565 805; x_wconf 90' lang='lat' dir='ltr'><strong>sed</strong></span> <span class='ocrx_word' id='word_1_49' title='bbox 610 774 713 804; x_wconf 92' lang='lat' dir='ltr'><strong>non</strong></span> <span class='ocrx_word' id='word_1_50' title='bbox 759 758 824 805; x_wconf 89' lang='lat' dir='ltr'><strong>ad</strong></span> <span class='ocrx_word' id='word_1_51' title='bbox 876 757 1157 821; x_wconf 87' lang='lat' dir='ltr'><strong>perfectum</strong></span> <span class='ocrx_word' id='word_1_52' title='bbox 1203 774 1298 805; x_wconf 91' lang='lat' dir='ltr'><strong>nec</strong></span> <span class='ocrx_word' id='word_1_53' title='bbox 1345 757 1409 804; x_wconf 90' lang='lat' dir='ltr'><strong>ad</strong></span> <span class='ocrx_word' id='word_1_54' title='bbox 1455 757 1702 820; x_wconf 89' lang='lat' dir='ltr'><strong>plenum.·</strong></span> 
     </span>
     <span class='ocr_line' id='line_1_9' title="bbox 186 829 1679 895; baseline 0.002 -18"><span class='ocrx_word' id='word_1_55' title='bbox 186 829 338 890; x_wconf 83' lang='lat' dir='ltr'><strong>Quod</strong></span> <span class='ocrx_word' id='word_1_56' title='bbox 372 831 511 878; x_wconf 92' lang='lat' dir='ltr'><strong>nullo</strong></span> <span class='ocrx_word' id='word_1_57' title='bbox 547 831 696 879; x_wconf 89' lang='lat' dir='ltr'><strong>modo</strong></span> <span class='ocrx_word' id='word_1_58' title='bbox 732 838 902 895; x_wconf 91' lang='lat' dir='ltr'><strong>potest</strong></span> <span class='ocrx_word' id='word_1_59' title='bbox 936 835 1121 895; x_wconf 84' lang='lat' dir='ltr'><strong>recipi3</strong></span> <span class='ocrx_word' id='word_1_60' title='bbox 1156 835 1252 879; x_wconf 92' lang='lat' dir='ltr'><strong>nisi</strong></span> <span class='ocrx_word' id='word_1_61' title='bbox 1286 833 1465 879; x_wconf 89' lang='lat' dir='ltr'><strong>beatus</strong></span> <span class='ocrx_word' id='word_1_62' title='bbox 1500 838 1594 890; x_wconf 93' lang='lat' dir='ltr'><strong>est,</strong></span> <span class='ocrx_word' id='word_1_63' title='bbox 1626 835 1679 880; x_wconf 90' lang='lat' dir='ltr'><strong>in</strong></span> 
     </span>
     <span class='ocr_line' id='line_1_10' title="bbox 185 905 1679 965; baseline 0.001 -14"><span class='ocrx_word' id='word_1_64' title='bbox 185 920 380 952; x_wconf 89' lang='lat' dir='ltr'><strong>summo</strong></span> <span class='ocrx_word' id='word_1_65' title='bbox 414 906 547 953; x_wconf 90' lang='lat' dir='ltr'><strong>bono</strong></span> <span class='ocrx_word' id='word_1_66' title='bbox 582 922 684 953; x_wconf 91' lang='lat' dir='ltr'><strong>non</strong></span> <span class='ocrx_word' id='word_1_67' title='bbox 720 912 812 954; x_wconf 90' lang='lat' dir='ltr'><strong>est.</strong></span> <span class='ocrx_word' id='word_1_68' title='bbox 885 905 1035 965; x_wconf 86' lang='lat' dir='ltr'><strong>Quod</strong></span> <span class='ocrx_word' id='word_1_69' title='bbox 1077 923 1326 954; x_wconf 90' lang='lat' dir='ltr'><strong>summum</strong></span> <span class='ocrx_word' id='word_1_70' title='bbox 1362 906 1549 953; x_wconf 91' lang='lat' dir='ltr'><strong>bonum</strong></span> <span class='ocrx_word' id='word_1_71' title='bbox 1585 911 1679 964; x_wconf 87' lang='lat' dir='ltr'><strong>est,</strong></span> 
     </span>
     <span class='ocr_line' id='line_1_11' title="bbox 186 979 1679 1044; baseline 0.001 -19"><span class='ocrx_word' id='word_1_72' title='bbox 186 994 334 1042; x_wconf 91' lang='lat' dir='ltr'><strong>supra</strong></span> <span class='ocrx_word' id='word_1_73' title='bbox 364 996 418 1028; x_wconf 91' lang='lat' dir='ltr'><strong>se</strong></span> <span class='ocrx_word' id='word_1_74' title='bbox 449 979 661 1044; x_wconf 87' lang='lat' dir='ltr'><strong>gradum</strong></span> <span class='ocrx_word' id='word_1_75' title='bbox 684 997 786 1027; x_wconf 91' lang='lat' dir='ltr'><strong>non</strong></span> <span class='ocrx_word' id='word_1_76' title='bbox 811 979 983 1038; x_wconf 90' lang='lat' dir='ltr'><strong>habet,</strong></span> <span class='ocrx_word' id='word_1_77' title='bbox 1008 983 1048 1027; x_wconf 91' lang='lat' dir='ltr'><strong>si</strong></span> <span class='ocrx_word' id='word_1_78' title='bbox 1073 980 1220 1027; x_wconf 91' lang='lat' dir='ltr'><strong>modo</strong></span> <span class='ocrx_word' id='word_1_79' title='bbox 1252 979 1326 1026; x_wconf 93' lang='lat' dir='ltr'><strong>illi</strong></span> <span class='ocrx_word' id='word_1_80' title='bbox 1349 983 1506 1027; x_wconf 87' lang='lat' dir='ltr'><strong>virtus</strong></span> <span class='ocrx_word' id='word_1_81' title='bbox 1530 984 1679 1038; x_wconf 87' lang='lat' dir='ltr'><strong>inest,</strong></span> 
     </span>
     <span class='ocr_line' id='line_1_12' title="bbox 184 1053 1679 1113; baseline 0 -14"><span class='ocrx_word' id='word_1_82' title='bbox 184 1055 225 1099; x_wconf 89' lang='lat' dir='ltr'><strong>si</strong></span> <span class='ocrx_word' id='word_1_83' title='bbox 257 1053 395 1100; x_wconf 89' lang='lat' dir='ltr'><strong>illam</strong></span> <span class='ocrx_word' id='word_1_84' title='bbox 425 1053 632 1101; x_wconf 90' lang='lat' dir='ltr'><strong>adversa</strong></span> <span class='ocrx_word' id='word_1_85' title='bbox 660 1071 762 1101; x_wconf 91' lang='lat' dir='ltr'><strong>non</strong></span> <span class='ocrx_word' id='word_1_86' title='bbox 791 1058 1043 1113; x_wconf 85' lang='lat' dir='ltr'><strong>minuunt,</strong></span> <span class='ocrx_word' id='word_1_87' title='bbox 1067 1055 1139 1101; x_wconf 89' lang='lat' dir='ltr'><strong>sil</strong></span> <span class='ocrx_word' id='word_1_88' title='bbox 1165 1060 1338 1101; x_wconf 86' lang='lat' dir='ltr'><strong>manet</strong></span> <span class='ocrx_word' id='word_1_89' title='bbox 1369 1057 1520 1101; x_wconf 86' lang='lat' dir='ltr'><strong>etiam</strong></span> <span class='ocrx_word' id='word_1_90' title='bbox 1547 1069 1679 1101; x_wconf 88' lang='lat' dir='ltr'><strong>com-</strong></span> 
     </span>
     <span class='ocr_line' id='line_1_13' title="bbox 186 1128 1680 1191; baseline 0.001 -17"><span class='ocrx_word' id='word_1_91' title='bbox 186 1131 382 1175; x_wconf 89' lang='lat' dir='ltr'><strong>minuto</strong></span> <span class='ocrx_word' id='word_1_92' title='bbox 405 1144 610 1191; x_wconf 85' lang='lat' dir='ltr'><strong>corpore</strong></span> <span class='ocrx_word' id='word_1_93' title='bbox 642 1128 935 1185; x_wconf 82' lang='lat' dir='ltr'><strong>incolumis3</strong></span> <span class='ocrx_word' id='word_1_94' title='bbox 968 1134 1142 1176; x_wconf 87' lang='lat' dir='ltr'><strong>manet</strong></span> <span class='ocrx_word' id='word_1_95' title='bbox 1165 1135 1349 1176; x_wconf 88' lang='lat' dir='ltr'><strong>autem.</strong></span> <span class='ocrx_word' id='word_1_96' title='bbox 1424 1128 1680 1175; x_wconf 86' lang='lat' dir='ltr'><strong>Virtutem</strong></span> 
     </span>
     <span class='ocr_line' id='line_1_14' title="bbox 186 1202 1680 1266; baseline 0.001 -18"><span class='ocrx_word' id='word_1_97' title='bbox 186 1205 324 1249; x_wconf 89' lang='lat' dir='ltr'><strong>enim</strong></span> <span class='ocrx_word' id='word_1_98' title='bbox 358 1202 602 1265; x_wconf 85' lang='lat' dir='ltr'><strong>intellego</strong></span> <span class='ocrx_word' id='word_1_99' title='bbox 637 1206 910 1250; x_wconf 88' lang='lat' dir='ltr'><strong>animosam</strong></span> <span class='ocrx_word' id='word_1_100' title='bbox 946 1209 1000 1250; x_wconf 92' lang='lat' dir='ltr'><strong>et</strong></span> <span class='ocrx_word' id='word_1_101' title='bbox 1032 1202 1298 1260; x_wconf 85' lang='lat' dir='ltr'><strong>excelsam,</strong></span> <span class='ocrx_word' id='word_1_102' title='bbox 1321 1219 1472 1266; x_wconf 88' lang='lat' dir='ltr'><strong>quam</strong></span> <span class='ocrx_word' id='word_1_103' title='bbox 1500 1205 1680 1250; x_wconf 85' lang='lat' dir='ltr'><strong>incitat</strong></span> 
     </span>
    </p>

    <p class='ocr_par' dir='ltr' id='par_1_4' title="bbox 104 1276 1690 1859">
     <span class='ocr_line' id='line_1_15' title="bbox 104 1276 1679 1340; baseline 0 -17"><span class='ocrx_word' id='word_1_104' title='bbox 104 1280 164 1328; x_wconf 89' lang='lat'><strong>19</strong></span> <span class='ocrx_word' id='word_1_105' title='bbox 186 1277 425 1340; x_wconf 91' lang='lat' dir='ltr'><strong>quicquid</strong></span> <span class='ocrx_word' id='word_1_106' title='bbox 483 1276 704 1324; x_wconf 87' lang='lat' dir='ltr'><strong>infestat.</strong></span> <span class='ocrx_word' id='word_1_107' title='bbox 811 1277 964 1324; x_wconf 90' lang='lat' dir='ltr'><strong>Hunc</strong></span> <span class='ocrx_word' id='word_1_108' title='bbox 1022 1280 1261 1335; x_wconf 90' lang='lat' dir='ltr'><strong>animum,</strong></span> <span class='ocrx_word' id='word_1_109' title='bbox 1319 1293 1471 1340; x_wconf 90' lang='lat' dir='ltr'><strong>quem</strong></span> <span class='ocrx_word' id='word_1_110' title='bbox 1529 1292 1679 1339; x_wconf 86' lang='lat' dir='ltr'><strong>saepe</strong></span> 
     </span>
     <span class='ocr_line' id='line_1_16' title="bbox 184 1350 1680 1414; baseline 0.001 -17"><span class='ocrx_word' id='word_1_111' title='bbox 184 1350 404 1397; x_wconf 89' lang='lat' dir='ltr'><strong>induunt</strong></span> <span class='ocrx_word' id='word_1_112' title='bbox 461 1366 734 1414; x_wconf 89' lang='lat' dir='ltr'><strong>generosae</strong></span> <span class='ocrx_word' id='word_1_113' title='bbox 792 1350 974 1398; x_wconf 88' lang='lat' dir='ltr'><strong>indolis</strong></span> <span class='ocrx_word' id='word_1_114' title='bbox 1020 1353 1244 1408; x_wconf 90' lang='lat' dir='ltr'><strong>iuvenes,</strong></span> <span class='ocrx_word' id='word_1_115' title='bbox 1292 1366 1415 1414; x_wconf 93' lang='lat' dir='ltr'><strong>quos</strong></span> <span class='ocrx_word' id='word_1_116' title='bbox 1472 1350 1680 1398; x_wconf 85' lang='lat' dir='ltr'><strong>alicuius</strong></span> 
     </span>
     <span class='ocr_line' id='line_1_17' title="bbox 186 1423 1680 1488; baseline 0.001 -16"><span class='ocrx_word' id='word_1_117' title='bbox 186 1424 430 1472; x_wconf 87' lang='lat' dir='ltr'><strong>honestae</strong></span> <span class='ocrx_word' id='word_1_118' title='bbox 454 1428 525 1472; x_wconf 91' lang='lat' dir='ltr'><strong>rei</strong></span> <span class='ocrx_word' id='word_1_119' title='bbox 558 1424 880 1488; x_wconf 87' lang='lat' dir='ltr'><strong>pulchritudo</strong></span> <span class='ocrx_word' id='word_1_120' title='bbox 916 1428 1177 1488; x_wconf 90' lang='lat' dir='ltr'><strong>percussit,</strong></span> <span class='ocrx_word' id='word_1_121' title='bbox 1202 1431 1260 1472; x_wconf 89' lang='lat' dir='ltr'><strong>ut</strong></span> <span class='ocrx_word' id='word_1_122' title='bbox 1283 1427 1449 1471; x_wconf 89' lang='lat' dir='ltr'><strong>omnia</strong></span> <span class='ocrx_word' id='word_1_123' title='bbox 1474 1423 1680 1473; x_wconf 83' lang='lat' dir='ltr'><strong>fortuita</strong></span> 
     </span>
     <span class='ocr_line' id='line_1_18' title="bbox 186 1498 1679 1562; baseline -0.001 -15"><span class='ocrx_word' id='word_1_124' title='bbox 186 1505 532 1558; x_wconf 88' lang='lat' dir='ltr'><strong>contemnant,</strong></span> <span class='ocrx_word' id='word_1_125' title='bbox 596 1498 822 1562; x_wconf 88' lang='lat' dir='ltr'><strong>profecto</strong></span> <span class='ocrx_word' id='word_1_126' title='bbox 891 1501 1138 1562; x_wconf 83' lang='lat' dir='ltr'><strong>sapientia</strong></span> <span class='ocrx_word' id='word_1_127' title='bbox 1199 1498 1378 1546; x_wconf 76' lang='lat' dir='ltr'><strong>nobis²</strong></span> <span class='ocrx_word' id='word_1_128' title='bbox 1441 1498 1679 1546; x_wconf 87' lang='lat' dir='ltr'><strong>infundet</strong></span> 
     </span>
     <span class='ocr_line' id='line_1_19' title="bbox 185 1572 1690 1636; baseline -0.001 -13"><span class='ocrx_word' id='word_1_129' title='bbox 185 1580 241 1623; x_wconf 89' lang='lat' dir='ltr'><strong>et</strong></span> <span class='ocrx_word' id='word_1_130' title='bbox 287 1573 468 1621; x_wconf 89' lang='lat' dir='ltr'><strong>tradet.</strong></span> <span class='ocrx_word' id='word_1_131' title='bbox 554 1572 883 1621; x_wconf 89' lang='lat' dir='ltr'><strong>Persuadebit</strong></span> <span class='ocrx_word' id='word_1_132' title='bbox 934 1589 1089 1620; x_wconf 85' lang='lat' dir='ltr'><strong>unum</strong></span> <span class='ocrx_word' id='word_1_133' title='bbox 1142 1573 1330 1620; x_wconf 91' lang='lat' dir='ltr'><strong>bonum</strong></span> <span class='ocrx_word' id='word_1_134' title='bbox 1378 1588 1503 1631; x_wconf 90' lang='lat' dir='ltr'><strong>esse,</strong></span> <span class='ocrx_word' id='word_1_135' title='bbox 1544 1573 1690 1636; x_wconf 86' lang='lat' dir='ltr'><strong>quod·</strong></span> 
     </span>
     <span class='ocr_line' id='line_1_20' title="bbox 184 1646 1679 1710; baseline -0.001 -15"><span class='ocrx_word' id='word_1_136' title='bbox 184 1648 455 1695; x_wconf 85' lang='lat' dir='ltr'><strong>honestum</strong></span> <span class='ocrx_word' id='word_1_137' title='bbox 472 1663 485 1704; x_wconf 90' lang='lat'>;</span> <span class='ocrx_word' id='word_1_138' title='bbox 526 1646 622 1695; x_wconf 91' lang='lat' dir='ltr'><strong>hoc</strong></span> <span class='ocrx_word' id='word_1_139' title='bbox 662 1663 758 1695; x_wconf 89' lang='lat' dir='ltr'><strong>nec</strong></span> <span class='ocrx_word' id='word_1_140' title='bbox 793 1651 983 1695; x_wconf 90' lang='lat' dir='ltr'><strong>remitti</strong></span> <span class='ocrx_word' id='word_1_141' title='bbox 1019 1663 1114 1695; x_wconf 88' lang='lat' dir='ltr'><strong>nec</strong></span> <span class='ocrx_word' id='word_1_142' title='bbox 1148 1646 1345 1694; x_wconf 91' lang='lat' dir='ltr'><strong>intendi</strong></span> <span class='ocrx_word' id='word_1_143' title='bbox 1381 1662 1542 1710; x_wconf 91' lang='lat' dir='ltr'><strong>posse,</strong></span> <span class='ocrx_word' id='word_1_144' title='bbox 1577 1662 1679 1694; x_wconf 89' lang='lat' dir='ltr'><strong>non</strong></span> 
     </span>
     <span class='ocr_line' id='line_1_21' title="bbox 185 1721 1678 1786; baseline -0.001 -17"><span class='ocrx_word' id='word_1_145' title='bbox 185 1726 345 1785; x_wconf 88' lang='lat' dir='ltr'><strong>magis</strong></span> <span class='ocrx_word' id='word_1_146' title='bbox 396 1737 547 1786; x_wconf 89' lang='lat' dir='ltr'><strong>quam</strong></span> <span class='ocrx_word' id='word_1_147' title='bbox 598 1721 840 1783; x_wconf 87' lang='lat' dir='ltr'><strong>regulam,</strong></span> <span class='ocrx_word' id='word_1_148' title='bbox 886 1738 986 1785; x_wconf 90' lang='lat' dir='ltr'><strong>qua</strong></span> <span class='ocrx_word' id='word_1_149' title='bbox 1037 1727 1232 1768; x_wconf 91' lang='lat' dir='ltr'><strong>rectum</strong></span> <span class='ocrx_word' id='word_1_150' title='bbox 1290 1721 1486 1783; x_wconf 89' lang='lat' dir='ltr'><strong>probari</strong></span> <span class='ocrx_word' id='word_1_151' title='bbox 1533 1721 1678 1780; x_wconf 90' lang='lat' dir='ltr'><strong>solet,</strong></span> 
     </span>
     <span class='ocr_line' id='line_1_22' title="bbox 185 1794 1686 1859; baseline -0.001 -15"><span class='ocrx_word' id='word_1_152' title='bbox 185 1795 373 1844; x_wconf 87' lang='lat' dir='ltr'><strong>flectes.</strong></span> <span class='ocrx_word' id='word_1_153' title='bbox 446 1794 699 1859; x_wconf 86' lang='lat' dir='ltr'><strong>Quicquid</strong></span> <span class='ocrx_word' id='word_1_154' title='bbox 726 1811 788 1842; x_wconf 87' lang='lat' dir='ltr'><strong>ex</strong></span> <span class='ocrx_word' id='word_1_155' title='bbox 812 1795 898 1842; x_wconf 92' lang='lat' dir='ltr'><strong>illa</strong></span> <span class='ocrx_word' id='word_1_156' title='bbox 922 1797 1208 1853; x_wconf 89' lang='lat' dir='ltr'><strong>mutaveris,</strong></span> <span class='ocrx_word' id='word_1_157' title='bbox 1232 1798 1411 1841; x_wconf 88' lang='lat' dir='ltr'><strong>iniuria</strong></span> <span class='ocrx_word' id='word_1_158' title='bbox 1435 1801 1514 1842; x_wconf 88' lang='lat' dir='ltr'><strong>est</strong></span> <span class='ocrx_word' id='word_1_159' title='bbox 1536 1798 1686 1843; x_wconf 55' lang='lat' dir='ltr'><strong>recti:</strong></span> 
     </span>
    </p>

    <p class='ocr_par' dir='ltr' id='par_1_5' title="bbox 101 1868 1702 2154">
     <span class='ocr_line' id='line_1_23' title="bbox 101 1868 1687 1933; baseline -0.001 -16"><span class='ocrx_word' id='word_1_160' title='bbox 101 1876 165 1924; x_wconf 87' lang='grc'><strong>20</strong></span> <span class='ocrx_word' id='word_1_161' title='bbox 190 1870 333 1917; x_wconf 91' lang='lat' dir='ltr'><strong>Idem</strong></span> <span class='ocrx_word' id='word_1_162' title='bbox 369 1886 488 1933; x_wconf 88' lang='lat' dir='ltr'><strong>ergo</strong></span> <span class='ocrx_word' id='word_1_163' title='bbox 526 1869 591 1917; x_wconf 92' lang='lat' dir='ltr'><strong>de</strong></span> <span class='ocrx_word' id='word_1_164' title='bbox 632 1873 819 1917; x_wconf 87' lang='lat' dir='ltr'><strong>virtute</strong></span> <span class='ocrx_word' id='word_1_165' title='bbox 856 1869 1112 1916; x_wconf 87' lang='lat' dir='ltr'><strong>dicemus:</strong></span> <span class='ocrx_word' id='word_1_166' title='bbox 1161 1874 1215 1916; x_wconf 92' lang='lat' dir='ltr'><strong>et</strong></span> <span class='ocrx_word' id='word_1_167' title='bbox 1253 1868 1377 1915; x_wconf 91' lang='lat' dir='ltr'><strong>haec</strong></span> <span class='ocrx_word' id='word_1_168' title='bbox 1412 1874 1550 1916; x_wconf 81' lang='lat' dir='ltr'><strong>recta</strong></span> <span class='ocrx_word' id='word_1_169' title='bbox 1585 1871 1687 1928; x_wconf 69' lang='lat' dir='ltr'><strong>est)</strong></span> 
     </span>
     <span class='ocr_line' id='line_1_24' title="bbox 185 1924 1688 2006; baseline -0.001 -15"><span class='ocrx_word' id='word_1_170' title='bbox 185 1944 421 1992; x_wconf 89' lang='lat' dir='ltr'><strong>flexuram</strong></span> <span class='ocrx_word' id='word_1_171' title='bbox 480 1959 582 1991; x_wconf 92' lang='lat' dir='ltr'><strong>non</strong></span> <span class='ocrx_word' id='word_1_172' title='bbox 636 1946 831 2006; x_wconf 75' lang='lat' dir='ltr'><strong>vrecipit.</strong></span> <span class='ocrx_word' id='word_1_173' title='bbox 930 1942 1109 2006; x_wconf 88' lang='lat' dir='ltr'><strong>Rigida</strong></span> <span class='ocrx_word' id='word_1_174' title='bbox 1153 1943 1243 1990; x_wconf 80' lang='lat' dir='ltr'><strong>re³</strong></span> <span class='ocrx_word' id='word_1_175' title='bbox 1289 1942 1411 2006; x_wconf 92' lang='lat' dir='ltr'><strong>quid</strong></span> <span class='ocrx_word' id='word_1_176' title='bbox 1467 1924 1688 2005; x_wconf 62' lang='lat' dir='ltr'><strong>amplius}</strong></span> 
     </span>
     <span class='ocr_line' id='line_1_25' title="bbox 186 2009 1702 2081; baseline -0.002 -16"><span class='ocrx_word' id='word_1_177' title='bbox 186 2018 383 2066; x_wconf 89' lang='lat' dir='ltr'><strong>intendi</strong></span> <span class='ocrx_word' id='word_1_178' title='bbox 409 2019 617 2081; x_wconf 89' lang='lat' dir='ltr'><strong>potest?</strong></span> <span class='ocrx_word' id='word_1_179' title='bbox 689 2017 833 2064; x_wconf 90' lang='lat' dir='ltr'><strong>Haec</strong></span> <span class='ocrx_word' id='word_1_180' title='bbox 864 2017 930 2064; x_wconf 90' lang='lat' dir='ltr'><strong>de</strong></span> <span class='ocrx_word' id='word_1_181' title='bbox 958 2017 1188 2063; x_wconf 91' lang='lat' dir='ltr'><strong>omnibus</strong></span> <span class='ocrx_word' id='word_1_182' title='bbox 1212 2017 1361 2063; x_wconf 92' lang='lat' dir='ltr'><strong>rebus</strong></span> <span class='ocrx_word' id='word_1_183' title='bbox 1385 2016 1589 2074; x_wconf 85' lang='lat' dir='ltr'><strong>iudicat,</strong></span> <span class='ocrx_word' id='word_1_184' title='bbox 1615 2009 1702 2063; x_wconf 69' lang='lat' dir='ltr'><strong>de²¹</strong></span> 
     </span>
     <span class='ocr_line' id='line_1_26' title="bbox 186 2080 1702 2154; baseline -0.002 -15"><span class='ocrx_word' id='word_1_185' title='bbox 186 2091 279 2139; x_wconf 89' lang='lat' dir='ltr'><strong>hac</strong></span> <span class='ocrx_word' id='word_1_186' title='bbox 304 2092 454 2139; x_wconf 87' lang='lat' dir='ltr'><strong>nulla.</strong></span> <span class='ocrx_word' id='word_1_187' title='bbox 527 2090 580 2138; x_wconf 92' lang='lat' dir='ltr'><strong>Si</strong></span> <span class='ocrx_word' id='word_1_188' title='bbox 612 2095 795 2138; x_wconf 88' lang='lat' dir='ltr'><strong>rectior</strong></span> <span class='ocrx_word' id='word_1_189' title='bbox 817 2094 923 2154; x_wconf 89' lang='lat' dir='ltr'><strong>ipsa</strong></span> <span class='ocrx_word' id='word_1_190' title='bbox 954 2107 1056 2138; x_wconf 91' lang='lat' dir='ltr'><strong>non</strong></span> <span class='ocrx_word' id='word_1_191' title='bbox 1087 2096 1257 2154; x_wconf 90' lang='lat' dir='ltr'><strong>potest</strong></span> <span class='ocrx_word' id='word_1_192' title='bbox 1281 2090 1403 2148; x_wconf 90' lang='lat' dir='ltr'><strong>fieri,</strong></span> <span class='ocrx_word' id='word_1_193' title='bbox 1427 2105 1493 2137; x_wconf 93' lang='lat' dir='ltr'><strong>ne</strong></span> <span class='ocrx_word' id='word_1_194' title='bbox 1518 2106 1646 2153; x_wconf 89' lang='lat' dir='ltr'><strong>quae</strong></span> <span class='ocrx_word' id='word_1_195' title='bbox 1661 2080 1702 2122; x_wconf 77' lang='lat'><strong>⁴¹</strong></span> 
     </span>
    </p>
   </div>
   <div class='ocr_carea' id='block_1_3' title="bbox 429 2196 1436 2416">
    <p class='ocr_par' dir='ltr' id='par_1_6' title="bbox 429 2196 1436 2416">
     <span class='ocr_line' id='line_1_27' title="bbox 611 2196 1254 2246; baseline -0.002 -6"><span class='ocrx_word' id='word_1_196' title='bbox 611 2198 625 2223; x_wconf 86' lang='lat'>¹</span> <span class='ocrx_word' id='word_1_197' title='bbox 653 2199 692 2240; x_wconf 77' lang='lat' dir='ltr'><strong>ei</strong></span> <span class='ocrx_word' id='word_1_198' title='bbox 710 2198 824 2239; x_wconf 86' lang='lat' dir='ltr'><strong>later</strong></span> <span class='ocrx_word' id='word_1_199' title='bbox 843 2196 973 2240; x_wconf 91' lang='lat' dir='ltr'><strong>MSS.</strong></span> <span class='ocrx_word' id='word_1_200' title='bbox 995 2214 1007 2246; x_wconf 77' lang='lat'><em>3</em></span> <span class='ocrx_word' id='word_1_201' title='bbox 1034 2199 1109 2240; x_wconf 72' lang='lat' dir='ltr'><strong>aed</strong></span> <span class='ocrx_word' id='word_1_202' title='bbox 1127 2197 1254 2240; x_wconf 91' lang='lat' dir='ltr'>VPb.</span> 
     </span>
     <span class='ocr_line' id='line_1_28' title="bbox 577 2251 1290 2301; baseline 0 -7"><span class='ocrx_word' id='word_1_203' title='bbox 577 2252 596 2278; x_wconf 72' lang='lat'>²</span> <span class='ocrx_word' id='word_1_204' title='bbox 622 2253 744 2294; x_wconf 73' lang='lat' dir='ltr'><strong>nobis</strong></span> <span class='ocrx_word' id='word_1_205' title='bbox 762 2251 995 2294; x_wconf 87' lang='lat' dir='ltr'><strong>Chatelain</strong></span> <span class='ocrx_word' id='word_1_206' title='bbox 1013 2268 1025 2301; x_wconf 83' lang='lat'><strong>;</strong></span> <span class='ocrx_word' id='word_1_207' title='bbox 1055 2265 1143 2293; x_wconf 77' lang='lat' dir='ltr'><strong>non</strong></span> <span class='ocrx_word' id='word_1_208' title='bbox 1163 2251 1290 2294; x_wconf 91' lang='lat' dir='ltr'><strong>VPb.</strong></span> 
     </span>
     <span class='ocr_line' id='line_1_29' title="bbox 523 2305 1344 2361; baseline -0.001 -13"><span class='ocrx_word' id='word_1_209' title='bbox 523 2309 539 2333; x_wconf 76' lang='lat'>³</span> <span class='ocrx_word' id='word_1_210' title='bbox 567 2307 713 2361; x_wconf 70' lang='lat' dir='ltr'><strong>riyida</strong></span> <span class='ocrx_word' id='word_1_211' title='bbox 732 2321 778 2348; x_wconf 83' lang='lat' dir='ltr'><strong>re</strong></span> <span class='ocrx_word' id='word_1_212' title='bbox 798 2305 946 2360; x_wconf 86' lang='lat' dir='ltr'><strong>Capps</strong></span> <span class='ocrx_word' id='word_1_213' title='bbox 964 2323 976 2353; x_wconf 69' lang='grc' dir='ltr'>ς</span> <span class='ocrx_word' id='word_1_214' title='bbox 1004 2306 1194 2358; x_wconf 77' lang='lat' dir='ltr'><strong>riqidari</strong></span> <span class='ocrx_word' id='word_1_215' title='bbox 1214 2305 1344 2348; x_wconf 91' lang='lat' dir='ltr'>MSS.</span> 
     </span>
     <span class='ocr_line' id='line_1_30' title="bbox 429 2351 1436 2416; baseline -0.001 -14"><span class='ocrx_word' id='word_1_216' title='bbox 429 2363 446 2388; x_wconf 82' lang='lat'>⁴</span> <span class='ocrx_word' id='word_1_217' title='bbox 471 2375 526 2403; x_wconf 78' lang='lat' dir='ltr'><strong>ne</strong></span> <span class='ocrx_word' id='word_1_218' title='bbox 543 2375 652 2416; x_wconf 76' lang='lat' dir='ltr'><strong>quae</strong></span> <span class='ocrx_word' id='word_1_219' title='bbox 672 2360 854 2409; x_wconf 81' lang='lat' dir='ltr'><strong>Haase;</strong></span> <span class='ocrx_word' id='word_1_220' title='bbox 882 2373 1014 2415; x_wconf 76' lang='lat' dir='ltr'><strong>neque</strong></span> <span class='ocrx_word' id='word_1_221' title='bbox 1035 2351 1098 2409; x_wconf 75' lang='lat'><strong>1³3</strong></span> <span class='ocrx_word' id='word_1_222' title='bbox 1125 2374 1202 2401; x_wconf 78' lang='lat' dir='ltr'><strong>neo</strong></span> <span class='ocrx_word' id='word_1_223' title='bbox 1219 2374 1328 2415; x_wconf 79' lang='lat' dir='ltr'><strong>quae</strong></span> <span class='ocrx_word' id='word_1_224' title='bbox 1347 2359 1436 2402; x_wconf 90' lang='lat' dir='ltr'><strong>Vb.</strong></span> 
     </span>
    </p>
   </div>
   <div class='ocr_carea' id='block_1_4' title="bbox 189 2141 1702 2756">
    <p class='ocr_par' dir='ltr' id='par_1_7' title="bbox 1683 2141 1702 2242">
     <span class='ocr_line' id='line_1_31' title="bbox 1683 2141 1702 2171; baseline 0 0"><span class='ocrx_word' id='word_1_225' title='bbox 1683 2141 1702 2171; x_wconf 69' lang='grc' dir='ltr'><strong>»ι</strong></span> 
     </span>
     <span class='ocr_line' id='line_1_32' title="bbox 1686 2204 1702 2242; baseline 0 0"><span class='ocrx_word' id='word_1_226' title='bbox 1686 2204 1702 2242; x_wconf 79' lang='lat'><strong>:1</strong></span> 
     </span>
    </p>

    <p class='ocr_par' dir='ltr' id='par_1_8' title="bbox 1680 2275 1702 2307">
     <span class='ocr_line' id='line_1_33' title="bbox 1680 2275 1702 2307; baseline 0 0"><span class='ocrx_word' id='word_1_227' title='bbox 1680 2275 1702 2307; x_wconf 66' lang='grc' dir='ltr'><strong>«ι</strong></span> 
     </span>
    </p>

    <p class='ocr_par' dir='ltr' id='par_1_9' title="bbox 1687 2335 1702 2374">
     <span class='ocr_line' id='line_1_34' title="bbox 1687 2335 1702 2374; baseline 0 0"><span class='ocrx_word' id='word_1_228' title='bbox 1687 2335 1702 2374; x_wconf 74' lang='grc'><strong>·1</strong></span> 
     </span>
    </p>

    <p class='ocr_par' dir='ltr' id='par_1_10' title="bbox 1683 2395 1690 2434">
     <span class='ocr_line' id='line_1_35' title="bbox 1683 2395 1690 2434; baseline 0 0"><span class='ocrx_word' id='word_1_229' title='bbox 1683 2395 1690 2434; x_wconf 71' lang='lat'><strong>⁵.</strong></span> 
     </span>
    </p>

    <p class='ocr_par' dir='ltr' id='par_1_11' title="bbox 189 2405 1702 2756">
     <span class='ocr_line' id='line_1_36' title="bbox 254 2405 1702 2543; baseline -0.004 -11"><span class='ocrx_word' id='word_1_230' title='bbox 254 2498 275 2517; x_wconf 76' lang='lat'><strong>‘¹</strong></span> <span class='ocrx_word' id='word_1_231' title='bbox 304 2503 403 2543; x_wconf 70' lang='lat' dir='ltr'><strong>ay..</strong></span> <span class='ocrx_word' id='word_1_232' title='bbox 434 2489 709 2530; x_wconf 87' lang='lat' dir='ltr'><strong>Xenocrates</strong></span> <span class='ocrx_word' id='word_1_233' title='bbox 742 2488 833 2530; x_wconf 91' lang='lat' dir='ltr'><strong>and</strong></span> <span class='ocrx_word' id='word_1_234' title='bbox 865 2487 1171 2542; x_wconf 56' lang='lat' dir='ltr'><strong>Speusippum</strong></span> <span class='ocrx_word' id='word_1_235' title='bbox 1219 2487 1273 2542; x_wconf 70' lang='lat' dir='ltr'><strong>qs.</strong></span> <span class='ocrx_word' id='word_1_236' title='bbox 1308 2487 1394 2541; x_wconf 86' lang='lat' dir='ltr'><strong>Ep.</strong></span> <span class='ocrx_word' id='word_1_237' title='bbox 1431 2487 1576 2530; x_wconf 87' lang='lat' dir='ltr'><strong>lxxxv.</strong></span> <span class='ocrx_word' id='word_1_238' title='bbox 1612 2405 1702 2530; x_wconf 45' lang='lat'><strong>181,</strong></span> 
     </span>
     <span class='ocr_line' id='line_1_37' title="bbox 190 2538 1702 2645; baseline -0.003 -59"><span class='ocrx_word' id='word_1_239' title='bbox 190 2545 277 2586; x_wconf 86' lang='lat' dir='ltr'><strong>For</strong></span> <span class='ocrx_word' id='word_1_240' title='bbox 295 2543 483 2586; x_wconf 86' lang='lat' dir='ltr'><strong>another</strong></span> <span class='ocrx_word' id='word_1_241' title='bbox 501 2557 674 2608; x_wconf 79' lang='lat' dir='ltr'><strong>answer</strong></span> <span class='ocrx_word' id='word_1_242' title='bbox 692 2547 739 2585; x_wconf 92' lang='lat' dir='ltr'><strong>to</strong></span> <span class='ocrx_word' id='word_1_243' title='bbox 759 2542 838 2584; x_wconf 87' lang='lat' dir='ltr'><strong>the</strong></span> <span class='ocrx_word' id='word_1_244' title='bbox 862 2543 1084 2597; x_wconf 87' lang='lat' dir='ltr'><strong>objection</strong></span> <span class='ocrx_word' id='word_1_245' title='bbox 1108 2542 1209 2606; x_wconf 67' lang='lat' dir='ltr'><strong>that</strong></span> <span class='ocrx_word' id='word_1_246' title='bbox 1232 2541 1311 2583; x_wconf 93' lang='lat' dir='ltr'><strong>the</strong></span> <span class='ocrx_word' id='word_1_247' title='bbox 1335 2542 1455 2596; x_wconf 88' lang='lat' dir='ltr'><strong>good</strong></span> <span class='ocrx_word' id='word_1_248' title='bbox 1480 2538 1702 2645; x_wconf 35' lang='lat' dir='ltr'><strong>depende*</strong></span> 
     </span>
     <span class='ocr_line' id='line_1_38' title="bbox 189 2595 1702 2666; baseline -0.003 -25"><span class='ocrx_word' id='word_1_249' title='bbox 189 2612 309 2653; x_wconf 90' lang='lat' dir='ltr'><strong>upon</strong></span> <span class='ocrx_word' id='word_1_250' title='bbox 328 2597 530 2640; x_wconf 85' lang='lat' dir='ltr'><strong>outward</strong></span> <span class='ocrx_word' id='word_1_251' title='bbox 548 2601 893 2639; x_wconf 75' lang='lat' dir='ltr'><strong>circumstances</strong></span> <span class='ocrx_word' id='word_1_252' title='bbox 913 2597 969 2651; x_wconf 82' lang='lat' dir='ltr'><strong>cf.</strong></span> <span class='ocrx_word' id='word_1_253' title='bbox 992 2597 1081 2651; x_wconf 81' lang='lat' dir='ltr'><strong>Ep.</strong></span> <span class='ocrx_word' id='word_1_254' title='bbox 1104 2610 1204 2638; x_wconf 87' lang='lat' dir='ltr'><strong>xcu.</strong></span> <span class='ocrx_word' id='word_1_255' title='bbox 1231 2599 1282 2637; x_wconf 82' lang='lat'><strong>14</strong></span> <span class='ocrx_word' id='word_1_256' title='bbox 1292 2595 1324 2638; x_wconf 88' lang='lat' dir='ltr'><strong>f.</strong></span> <span class='ocrx_word' id='word_1_257' title='bbox 1686 2622 1702 2666; x_wconf 65' lang='lat'><strong>¹2&lt;</strong></span> 
     </span>
     <span class='ocr_line' id='line_1_39' title="bbox 1700 2725 1702 2756; baseline 0 0"><span class='ocrx_word' id='word_1_258' title='bbox 1700 2725 1702 2756; x_wconf 69' lang='grc'><strong>4</strong></span> 
     </span>
    </p>
   </div>
   <div class='ocr_carea' id='block_1_5' title="bbox 193 2671 256 2713">
    <p class='ocr_par' dir='ltr' id='par_1_12' title="bbox 193 2671 256 2713">
     <span class='ocr_line' id='line_1_40' title="bbox 193 2671 256 2713; baseline 0 0"><span class='ocrx_word' id='word_1_259' title='bbox 193 2671 256 2713; x_wconf 84' lang='lat'><strong>84</strong></span> 
     </span>
    </p>
   </div>
  </div>
 </body>
</html>
