1702 2918
454 124 602 171 THE
636 122 956 171 EPISTLES
993 123 1083 170 OF
1116 123 1382 172 SENECA

181 235 241 282 In
275 234 370 281 hac
403 237 619 297 positum
658 239 737 280 est
770 249 1021 280 summum
1054 232 1179 280 illud
1214 232 1427 282 hominis
1462 236 1661 284 bonum.
1701 248 1702 252 ’

181 313 470 376 Antequam
504 310 788 373 impleatur,
825 313 1018 357 incerta
1050 315 1236 358 mentis
1276 312 1518 360 volutatio
1559 321 1666 370 est3

181 407 295 438 cum
330 405 448 436 vero
481 387 764 451 perfectum
800 393 894 444 est,
926 391 1116 435 inmota
1150 389 1268 435 illa1
1295 390 1538 438 stabilitas
1574 398 1663 438 est.

97 472 159 519 28
185 468 362 531 Itaque
397 465 662 512 inchoatus
697 470 752 511 et
786 464 851 511 ad
885 481 1077 512 summa
1109 466 1384 528 procedens
1409 467 1668 531 cultorque

183 547 398 602 virtutis,
423 546 576 590 etiam
605 545 646 589 si
673 541 1040 605 adpropinquat
1072 543 1298 605 perfecto
1329 544 1478 603 bono,
1502 545 1591 593 sed
1624 550 1670 594 ei

183 621 408 669 nondum
459 635 704 667 summam
754 635 959 665 manum
1009 622 1245 682 inposuit,
1291 621 1420 668 ibit2
1470 626 1672 671 interim

185 703 363 747 cessim
409 703 464 745 et
513 700 745 744 remittet
794 696 983 760 aliquid
1036 713 1099 744 ex
1143 701 1427 746 intentione
1472 704 1702 750 mentis,-

187 777 426 825 Nondum
467 778 603 822 enim
642 777 836 820 incerta
875 780 1211 837 transgressus
1251 782 1345 834 est,
1387 779 1674 826 etiamnunc

188 860 412 903 versatur
441 856 495 900 in
522 852 727 898 lubrico,
801 850 986 898 Beatus
1017 868 1135 899 vero
1163 859 1218 899 et
1245 856 1442 900 virtutis
1471 861 1675 902 exactae

190 939 313 980 tunc
348 947 402 978 se
437 932 653 976 maxime
685 934 837 987 amat,
862 945 976 975 cum
1007 928 1275 976 fortissime
1311 937 1548 993 expertus
1583 939 1676 991 est,

191 1017 247 1060 et
275 1007 552 1057 metuenda
579 1010 778 1065 ceteriS,
803 1009 843 1053 si
873 1006 1080 1054 alicuius
1115 1006 1315 1055 honesti
1343 1009 1487 1056 officii
1519 1014 1680 1072 pretia

193 1094 327 1146 sunt,
367 1103 468 1134 non
514 1091 715 1133 tantum
762 1083 878 1143 fert,
925 1084 1016 1132 sed
1061 1085 1377 1148 amplexatur
1420 1087 1681 1152 multoque

194 1166 365 1215 audire
390 1164 582 1212 mavult
605 1169 636 1191 “
653 1169 796 1210 tanto
818 1162 996 1210 melior
1011 1162 1039 1180 ''
1059 1179 1210 1227 quam
1230 1168 1260 1191 “
1274 1170 1418 1211 tanto
1442 1164 1679 1214 felicior.”

111 1254 172 1301 29
279 1244 442 1291 Venio
481 1258 616 1289 nunc
655 1240 759 1299 illo,
799 1256 899 1303 quo
938 1256 1020 1287 me
1060 1246 1206 1288 vocat
1250 1246 1535 1304 expectatio
1580 1250 1681 1292 tua.

198 1323 276 1371 Ne
295 1328 436 1370 extra
460 1336 625 1368 rerum
643 1324 872 1366 naturam
892 1321 1057 1382 vagari
1077 1322 1232 1366 virtus
1255 1326 1424 1367 nostra
1441 1320 1686 1382 videatur,

198 1407 253 1449 et
288 1397 512 1448 tremet³
552 1400 751 1460 sapiens
793 1402 848 1443 et
888 1395 1082 1444 dolebit
1119 1403 1174 1444 et
1215 1398 1534 1460 expallescet.
1615 1400 1688 1447 Hi

199 1481 334 1527 enirn
354 1492 528 1524 omnes
547 1477 763 1538 corporis
779 1490 952 1521 sensus
970 1479 1102 1521 sunt.
1161 1474 1261 1522 Ubi
1280 1492 1400 1538 ergo
1419 1476 1689 1538 calamitas,

200 1557 287 1604 ubi
327 1553 454 1602 illud
494 1552 683 1600 malum
724 1568 898 1599 verum
939 1555 1052 1600 est?
1122 1552 1234 1599 Illic
1276 1553 1483 1613 scilicet,
1518 1558 1559 1602 si
1596 1558 1692 1604 ista

200 1637 423 1682 animum
469 1630 761 1689 detrahunt,
808 1632 848 1677 si
905 1629 970 1677 ad
1029 1629 1393 1679 confessionem
1439 1636 1693 1681 servitutis

118 1717 181 1763 30
203 1711 479 1768 adducunt,
514 1711 556 1756 si
589 1708 663 1755 illi
699 1711 1063 1771 paenitentiam
1098 1711 1173 1755 sui
1208 1707 1412 1756 faciunt.
1485 1709 1695 1774 Sapiens

203 1789 410 1854 quidem
455 1788 612 1834 vincit
651 1787 840 1833 virtute
886 1784 1155 1843 fortunam,
1195 1791 1250 1833 at
1293 1786 1441 1834 multi
1487 1787 1697 1851 professi

206 1867 502 1930 sapientiam
548 1863 809 1910 levissimis
853 1878 1228 1926 nonnumquam
1277 1866 1423 1910 minis
1470 1869 1697 1915 exterriti

207 1949 338 1992 sunt.
430 1941 544 1988 Hoc
583 1939 695 1987 loco
734 1946 960 1987 nostrum
1001 1943 1179 1987 vitium
1226 1946 1320 1999 est,
1361 1944 1447 2004 qui
1487 1942 1622 1990 idem
1668 1959 1698 1991 a

207 2025 435 2085 sapiente
471 2021 717 2082 exigimus
751 2023 806 2065 et
839 2034 870 2064 a
909 2017 1214 2081 proficiente.
1303 2017 1500 2067 Suadeo
1534 2020 1698 2070 adhuc

274 2107 292 2136 ²
323 2104 566 2149 Buecheler
584 2103 753 2158 prefers
772 2103 853 2145 illi.
1070 2103 1192 2146 ²th
1211 2102 1406 2152 Gruterz
1433 2105 1494 2148 ibi
1512 2106 1637 2149 VPb.

273 2161 292 2188 ⁸
320 2165 468 2203 tremet
504 2159 583 2201 the
619 2171 826 2199 common
863 2157 1076 2212 reading,
1123 2158 1315 2200 tremebit
1351 2136 1494 2210 V'Pb;
1541 2160 1698 2204 Hense

210 2218 420 2270 suggests
440 2217 666 2256 tremescat.

277 2300 355 2342 ai.
361 2313 416 2347 0.‚
435 2297 629 2340 because
646 2296 705 2338 he
725 2296 806 2338 has
825 2295 1026 2338 endured
1049 2296 1141 2338 and
1162 2297 1415 2352 conquered
1437 2299 1702 2344 misfortune

212 2355 363 2398 rather
380 2353 490 2395 than
511 2365 646 2405 escap
647 2350 703 2392 ed
722 2352 771 2393 it.

279 2410 296 2436 ¹³
326 2407 413 2450 For
431 2421 459 2448 a
476 2365 646 2449 similar
659 2403 856 2458 thought
874 2404 928 2459 cs.
954 2404 1040 2512 ΕῙί.
1063 2406 1122 2447 xi.
1146 2408 1184 2447 6.

282 2461 470 2504 ‘Three
506 2463 659 2513 stages
696 2459 748 2500 of
772 2471 982 2556 ἕτοςτεεε
1016 2459 1236 2512 (προκοπή)
1273 2472 1388 2501 were
1426 2459 1604 2503 defined
1640 2462 1699 2518 by

214 2517 506 2572 Chrysippus.
567 2514 636 2570 G'f.
658 2513 753 2556 also
805 2526 862 2554 en
898 2513 1018 2569 ΕΡΡ.
1042 2512 1158 2555 lxxii.
1183 2517 1208 2554 6
1227 2513 1318 2555 and
1335 2514 1451 2556 lxxv.
1470 2517 1496 2556 8
1515 2514 1549 2560 f.

218 2588 286 2639 90
