1702 2918
410 159 560 206 THE
595 158 916 207 EPISTLES
952 159 1043 208 OF
1078 159 1345 208 SENECA

132 269 276 318 nobis
294 269 594 333 persuadere
613 272 820 327 conaris,
838 268 965 316 nihil
988 272 1247 325 interesse,
1267 275 1435 316 utrum
1453 268 1628 332 aliquis

104 341 185 384 -in
210 337 394 400 gaudio
428 341 494 384 sit
528 353 594 383 an
627 340 682 383 in
715 336 891 384 eculeo
925 340 1086 383 iaceat
1120 353 1178 383 ac
1213 343 1452 384 tortorem
1485 353 1630 383 suum
1700 379 1702 385 .

132 404 320 452 lasset?
337 404 365 421 ''
438 404 666 450 Poteram
692 403 1024 466 respondere:
1061 404 1304 467 Epicurus
1331 420 1531 468 quoque
1559 406 1631 450 ait
1697 395 1702 430 ἶ

134 475 432 534 sapientem,
456 474 496 518 si
527 475 582 517 in
609 471 881 518 Phalaridis
912 477 1056 518 tauro
1083 477 1360 533 peruratur,
1386 471 1631 518 exclama·
1699 504 1702 533 ;

134 545 332 585 turum:
370 538 564 585 “dulce
596 544 675 585 est
706 544 761 585 et
790 538 856 585 ad
887 555 969 585 me
992 537 1119 584 nihil
1151 538 1421 601 pertinet.”
1492 537 1631 596 Quid

133 609 340 664 miraris,
376 609 417 652 si
453 622 549 669 ego
584 609 720 668 paria
754 606 886 653 bona
921 605 1034 653 dico
1068 605 1272 653 alterius
1312 609 1366 652 in
1407 608 1631 653 convivio

134 673 382 731 iacentis,l
413 673 618 720 alterius
659 676 794 719 inter
832 678 1086 720 tormenta
1125 672 1394 720 fortissime
1435 675 1631 730 stantis,

136 757 250 787 cum
290 740 460 803 quod2
499 740 842 787 incredibilius
889 746 967 787 est
1006 740 1142 786 dicat
1183 740 1442 803 Epicurus,
1483 739 1631 786 dulce

52 807 108 854 19
133 822 243 854 esse
276 807 494 854 torreri?
538 805 676 854 Sed³
709 805 805 854 hoc
835 808 1137 870 respondeo,
1169 807 1442 871 plurimum
1473 811 1629 856 inter-

132 889 243 921 esse
267 876 403 921 inter
425 874 670 938 gaudium
690 881 745 921 et
768 873 995 922 dolorem
1018 890 1031 931 3
1066 878 1108 922 si
1131 883 1408 939 quaeratur
1433 875 1630 932 electio,

130 943 343 990 alterum
397 948 585 1005 petam,
630 941 843 989 alterum
890 942 1071 990 vitabo.
1168 943 1303 990 Illud
1354 943 1630 991 secundum

130 1017 360 1057 naturam
392 1016 486 1067 est,
518 1008 614 1056 hoc
645 1016 831 1056 contra.
902 1009 1156 1068 Quamdiu
1186 1013 1255 1056 sic
1286 1013 1630 1069 aestimantur,

130 1094 314 1140 magno
353 1080 487 1124 inter
525 1092 580 1123 se
615 1075 862 1124 dissident
901 1080 1093 1140 spatio;
1145 1093 1258 1123 cum
1294 1077 1358 1125 ad
1394 1081 1631 1124 virtutem

131 1151 343 1191 ventum
367 1150 461 1202 est,
479 1150 691 1207 utraque
711 1160 800 1206 par
818 1150 896 1191 est
920 1151 974 1191 et
991 1160 1120 1208 quae
1139 1160 1231 1207 per
1252 1144 1385 1192 laeta
1402 1145 1631 1208 procedit
1697 1176 1699 1178 -

46 1214 109 1259 20
134 1218 187 1259 et
206 1228 334 1275 quae
353 1228 444 1274 per
461 1214 635 1258 tristia.
700 1211 906 1258 Nullum
927 1210 1083 1259 habet
1101 1218 1414 1260 momentum
1432 1215 1630 1259 vexatio

133 1285 188 1325 et
223 1279 366 1326 dolor
405 1285 459 1326 et
493 1278 733 1342 quicquid
766 1278 903 1326 aliud
948 1279 1251 1326 incommodi
1287 1286 1394 1337 est3
1442 1283 1630 1326 virtute

133 1349 269 1393 enim
337 1347 576 1394 obruitur.
671 1344 1111 1403 Quemadmodum
1178 1350 1374 1394 minuta
1440 1346 1631 1394 lumina

132 1414 330 1461 claritas
362 1413 477 1461 solis
509 1414 758 1472 obscurat,
781 1417 851 1461 sic
883 1413 1096 1472 dolores,
1126 1413 1397 1471 molestias,
1428 1417 1630 1460 iniurias

131 1484 288 1528 virtus
339 1480 690 1544 magnitudine
746 1497 836 1528 sua
886 1481 1031 1528 elidit
1082 1487 1235 1544 atque
1287 1484 1525 1544 opprimit
1576 1487 1630 1528 et

130 1564 448 1612 quocumque
489 1548 712 1606 adfulsit,
753 1548 823 1594 ibi
862 1547 1100 1612 quicquid
1141 1551 1249 1595 sine
1284 1549 1370 1595 illa
1403 1554 1628 1612 apparet,

131 1619 446 1677 extinguitur
464 1631 477 1672 ;
538 1631 635 1663 nec
685 1618 844 1678 magis
895 1615 1049 1662 ullam
1105 1619 1387 1678 portionem
1438 1615 1629 1663 habent

130 1683 463 1741 incommoda,
504 1699 619 1730 cum
663 1686 718 1730 in
758 1686 995 1731 virtutem
1042 1682 1346 1742 inciderunt,
1386 1699 1536 1747 quam
1575 1685 1628 1730 in
1700 1683 1702 1713 ἱ

130 1754 254 1797 mari
278 1751 490 1797 nimbus.

48 1821 105 1867 21
219 1818 333 1864 Hoc
357 1823 415 1864 ut
438 1820 562 1864 scias
584 1820 657 1864 ita
680 1833 806 1875 esse,
829 1817 894 1864 ad
917 1833 1066 1865 omne
1090 1817 1355 1881 pulchrum
1373 1820 1448 1864 vir
1469 1817 1629 1864 bonus

132 1888 240 1932 sine
298 1885 400 1932 ulla
458 1888 779 1932 cunctatione
837 1892 1124 1947 procurret3
1189 1891 1293 1933 stet
1348 1884 1450 1932 illic
1507 1883 1629 1931 licet
1698 1921 1702 1937 ,

133 1952 368 2010 carnifex,
409 1958 512 1999 stet
559 1958 718 1999 tortor
762 1958 915 2015 atque
962 1955 1109 2015 ignis,
1148 1952 1488 2016 perseverabit
1533 1967 1628 1998 nec
1698 1978 1702 1998 ⁴:

131 2019 253 2082 quid
287 2035 537 2082 passurus,
570 2019 660 2067 sed
701 2019 823 2082 quid
863 2018 1084 2066 facturus
1125 2023 1206 2079 sit,
1234 2022 1460 2082 aspiciet,
1485 2025 1539 2066 et
1573 2035 1627 2066 se

198 2148 213 2174 ¹
243 2149 423 2190 alterius
440 2149 489 2190 in
503 2148 694 2190 convivio
712 2148 891 2190 iacentis
904 2148 1014 2202 Arg.
1035 2148 1089 2198 B,
1102 2149 1344 2203 according
1360 2153 1409 2190 to
1423 2147 1622 2191 Oberlin.

131 2202 226 2246 Not
244 2204 289 2244 in
308 2202 387 2244 the
406 2202 535 2244 other
555 2201 684 2245 MSS.

197 2257 215 2282 2
242 2271 339 2298 cwm
357 2258 472 2311 quod
490 2257 601 2298 later
621 2255 750 2299 MSS.
772 2273 785 2305 ς
812 2258 927 2311 quod
945 2270 1042 2298 cum
1060 2270 1110 2299 or
1127 2271 1308 2321 quocum
1333 2255 1464 2300 MSS.

198 2311 216 2337 ⁸
243 2311 403 2353 torreri
420 2312 494 2353 sed
514 2310 704 2364 Ludwig
723 2323 809 2352 von
828 2310 858 2353 J
860 2324 918 2351 an
935 2327 947 2359 ς
977 2316 1157 2353 terrore-9
1175 2317 1214 2353 et
1234 2310 1364 2354 MSS.

197 2465 230 2489 ⁰-
246 2456 346 2500 One
365 2457 416 2500 of
438 2457 517 2499 the
537 2456 668 2499 stock
686 2457 776 2499 bits
796 2457 848 2498 of
863 2457 1055 2499 heroism
1076 2457 1324 2500 attributed
1342 2461 1391 2500 to
1408 2457 1488 2500 the
1507 2458 1622 2499 ideal
1693 2453 1695 2503 ἶ

130 2513 368 2607 ζνίεῧῐῃῗη.
425 2511 492 2566 Cf.
513 2511 732 2566 Epicurus
750 2511 899 2566 (Frag.
920 2515 996 2553 601
1017 2512 1226 2566 Usener),
1244 2512 1415 2560 Cicero,
1436 2513 1554 2554 Tmo.
1575 2514 1617 2555 ii.

159 2598 168 2607 .
250 2597 261 2614 ‚
283 2579 307 2609 e
330 2580 368 2608 c.

136 2637 196 2678 14
