1702 2918
474 125 622 172 THE
659 124 980 174 EPISTLES
1018 125 1109 173 OF
1144 125 1412 174 SENECA

192 237 424 281 nesciunt
447 235 648 281 beatam
673 237 827 282 vitam
859 251 1010 282 unam
1042 251 1164 282 esse.
1239 234 1300 281 In
1330 238 1521 297 optimo
1551 234 1687 284 illam

191 323 325 364 statu
359 322 503 380 ponit
533 318 746 382 qualitas
778 335 882 377 sua,
906 335 1009 366 non
1041 319 1350 383 magnitudo,
1426 319 1605 383 ltaque
1635 322 1688 368 in

189 417 351 466 aequo
398 409 476 450 est
509 403 661 466 longa
696 409 750 450 et
796 403 976 462 brevis,
1012 403 1190 450 diffusa
1224 409 1278 450 et
1325 407 1599 467 angustior,
1634 406 1688 452 in

191 486 351 533 multa
386 486 494 533 loca
528 487 812 550 multasque
847 493 1015 550 partes
1052 487 1320 534 distributa
1355 494 1410 534 et
1443 491 1498 534 in
1532 504 1688 536 unum

192 577 374 617 coacta.
451 570 550 629 Qui
587 571 724 617 illam
759 587 968 618 numero
1008 575 1244 618 aestimat
1279 578 1333 619 et
1366 587 1601 619 mensura
1636 577 1692 631 et

193 655 432 716 partibus,
465 655 518 702 id
549 655 639 711 illi,
672 655 807 718 quod
841 654 998 703 habet
1033 659 1290 714 eximium,
1316 659 1478 718 eripit.
1553 652 1686 715 Quid

191 746 364 786 autem
389 746 466 786 est
490 743 543 786 in
567 740 717 786 beata
748 743 851 786 vita
883 741 1157 787 eximium?
1228 738 1379 798 Quod
1412 740 1564 803 plena
1596 745 1688 790 est.

112 825 173 871 23
195 822 346 880 Finis,
373 830 430 871 ut
462 831 597 886 puto,
628 823 813 871 edendi
845 823 1154 888 bibendique
1188 827 1393 871 satietas
1422 831 1514 872 est.
1589 824 1698 873 Hie

194 907 306 971 plus
342 908 466 966 edit,
500 908 587 955 ille
634 911 829 964 minus;
887 908 1009 972 quid
1050 907 1243 956 refert?
1318 908 1547 972 Uterque
1593 911 1702 962 iamt·

194 998 332 1040 satur
366 999 456 1042 est.
533 993 635 1039 Hic
670 993 782 1055 plus
818 993 963 1051 bibit,
995 992 1081 1040 ille
1117 996 1311 1049 minus;
1347 993 1470 1056 quid
1502 979 1702 1053 refertffl

198 1074 426 1140 Uterque
473 1093 575 1123 non
621 1080 740 1123 sitit.
818 1076 918 1123 Hic
966 1076 1190 1140 pluribus
1237 1079 1381 1123 annis
1428 1079 1568 1134 vixit,
1609 1056 1702 1150 hie}

196 1162 537 1223 paucioribus3
572 1161 699 1207 nihil
723 1164 954 1219 interest,
990 1164 1031 1208 si
1066 1167 1172 1208 tam
1213 1161 1355 1207 illum
1390 1160 1539 1208 multi
1573 1162 1698 1218 annis

195 1246 400 1292 beatum
436 1245 667 1293 fecerunt
701 1262 852 1309 quam
897 1245 1034 1292 hunc
1067 1248 1229 1308 pauci.
1301 1244 1413 1303 Ille,
1449 1260 1601 1309 quem
1634 1246 1694 1291 tu

195 1332 358 1376 minus
401 1331 605 1377 beatum
640 1345 801 1388 vocas,
837 1345 940 1376 non
987 1335 1066 1377 est
1113 1330 1320 1386 beatus3
1373 1345 1475 1376 non
1523 1333 1693 1391 potest

197 1430 382 1461 nomen
405 1417 631 1461 inminui.

113 1509 175 1555 24
280 1503 313 1525 “
331 1497 432 1557 Qui
457 1498 599 1545 fortis
624 1504 719 1557 est,
744 1501 851 1545 sine
875 1501 1056 1545 timore
1082 1505 1173 1546 est.
1247 1496 1348 1556 Qui
1380 1500 1489 1546 sine
1513 1484 1702 1559 timore}

197 1588 290 1641 est,
323 1587 430 1630 sine
462 1587 668 1630 tristitia
704 1589 794 1632 est.
870 1581 970 1641 Qui
1003 1587 1112 1631 sine
1148 1586 1354 1631 tristitia
1389 1589 1483 1640 est,
1517 1582 1702 1630 beatus'

196 1667 322 1715 est.''
404 1668 700 1715 Nostrorum
735 1667 861 1715 haec
895 1671 1223 1731 interrogatio
1270 1673 1361 1715 est.
1441 1666 1702 1755 Adversus}

196 1751 326 1799 hanc
349 1755 419 1799 sic
443 1752 746 1816 respondere
770 1759 1041 1800 conantur:
1075 1752 1250 1800 falsam
1269 1768 1358 1800 nos
1377 1768 1484 1799 rem
1503 1758 1557 1799 et
1575 1767 1670 1798 con

198 1840 542 1884 troversiosam
577 1853 666 1899 pro
701 1835 929 1884 confessa
963 1836 1232 1895 vindicare,
1262 1852 1395 1894 eum,
1430 1838 1516 1899 qui
1551 1757 1702 1916 forti}

199 1928 292 1979 est,
317 1925 425 1969 sine
456 1925 636 1969 timore
661 1937 783 1968 esse.
857 1921 1043 1980 “Quid
1067 1937 1188 1984 ergo
1205 1921 1266 1967 ?''
1300 1922 1481 1984 inquit,
1506 1924 1538 1947 “
1553 1918 1702 1990 fortis}

198 2010 499 2054 inminentia
512 2005 642 2052 mala
657 2022 758 2052 non
773 2006 1006 2052 timebit?
1048 2005 1186 2053 Istuc
1201 2005 1453 2052 dementis
1468 1994 1702 2067 alienat&

199 2107 314 2155 que,
339 2107 441 2137 non
472 2090 614 2138 fortis
646 2096 736 2137 est.
812 2089 906 2137 Ille
939 2089 1104 2148 vero,''
1139 2093 1320 2153 inquit,
1354 2094 1387 2117 “
1401 2071 1702 2135 moderatis-5.

200 2179 324 2223 sime
364 2179 530 2232 timet,
565 2174 655 2222 sed
689 2178 743 2220 in
777 2180 943 2221 totum
991 2180 1133 2221 extra
1178 2180 1373 2221 metum
1417 2189 1521 2220 non
1566 2155 1702 2245 estss’i'

117 2270 178 2316 25
201 2260 303 2319 Qui
333 2260 430 2306 hoe
460 2259 653 2316 dicunt,
677 2274 844 2305 rursus
875 2261 930 2304 in
964 2258 1100 2306 idem
1135 2257 1475 2315 revolvuntur,
1507 2263 1566 2304 ut
1596 2251 1702 2335 illisq

206 2336 1702 2433 ———-———-—————1

267 2439 290 2458 ‘⁸
315 2430 411 2472 The
429 2430 582 2484 happy
596 2429 672 2470 life
687 2430 953 2471 constitutes
973 2429 1142 2476 virtue3
1171 2426 1262 2468 and
1277 2428 1436 2474 virtue,
1452 2439 1503 2468 as
1524 2425 1702 2470 Seneca:

199 2485 553 2581 {axzsinsuqigriitem
581 2485 619 2526 is
647 2483 866 2531 absolute,
896 2483 1159 2536 permitting
1187 2480 1359 2522 neither
1385 2482 1584 2522 increase
1613 2492 1693 2522 nor

203 2610 299 2660 298
