1702 2918
262 502 349 568 L.
402 501 795 569 ANNAEI
847 500 1313 568 SENECAE
1364 501 1501 566 AD

319 609 844 676 LUCILIUM
894 608 1464 675 EPISTULAE

797 819 978 868 LXVI.

488 960 683 1009 SENECA
718 961 920 1008 LVCILIO
954 977 1039 1008 SVO
1074 976 1291 1008 SALVTEM

87 1081 111 1130 1
222 1079 501 1138 Claranum,
526 1079 922 1142 condiscipulum
954 1095 1139 1137 meum,
1167 1078 1270 1125 vidi
1301 1085 1415 1142 post
1445 1079 1630 1127 multos

133 1163 305 1194 annos.
381 1147 510 1204 Non,
535 1153 676 1209 puto,
701 1152 977 1209 exspectas,
1002 1152 1060 1193 ut
1091 1146 1302 1193 adiciam
1326 1162 1515 1205 senem,
1540 1147 1628 1194 sed

133 1213 447 1262 mehercules
475 1213 685 1260 viridem
716 1217 883 1260 animo
913 1229 972 1260 ac
1003 1216 1262 1275 vigentem
1294 1219 1348 1260 et
1380 1230 1494 1261 cum
1525 1230 1628 1261 cor-

133 1281 341 1344 pusculo
378 1297 468 1328 suo
503 1280 891 1328 conluctantem.
966 1280 1145 1343 Inique
1180 1284 1316 1327 enim
1357 1296 1410 1327 se
1452 1287 1629 1328 natura

132 1352 289 1411 gessit
312 1353 366 1396 et
390 1347 544 1395 talem
567 1352 788 1394 animum
814 1347 943 1394 male
968 1347 1274 1404 conlocavit3
1309 1354 1398 1395 aut
1421 1347 1627 1395 fortasse

132 1415 292 1462 voluit
332 1414 427 1462 hoc
467 1418 630 1478 ipsum
671 1415 815 1461 nobis
857 1414 1143 1472 ostendere,
1184 1431 1327 1477 posse
1369 1419 1627 1478 ingenium

132 1481 455 1529 fortissimum
478 1498 537 1529 ac
569 1482 911 1529 beatissimum
935 1482 1028 1529 sub
1056 1481 1281 1545 qualibet
1313 1488 1429 1529 cute
1454 1482 1625 1530 latere.

133 1549 303 1596 Vincit
334 1556 507 1596 tamen
541 1553 708 1596 omnia
742 1548 1088 1612 inpedimenta
1120 1556 1174 1596 et
1207 1549 1272 1596 ad
1307 1555 1476 1596 cetera
1511 1566 1627 1597 con-

84 1623 111 1669 2
131 1616 407 1663 temnenda
430 1634 460 1663 a
483 1622 780 1679 contemptu
813 1620 887 1663 sui
911 1619 1061 1664 venit.
1137 1617 1313 1663 Errare
1344 1616 1468 1663 mihi
1496 1620 1627 1664 visus

132 1690 227 1743 est,
251 1687 337 1747 qui
361 1684 490 1731 dixit

341 1810 509 1863 gratior
526 1812 573 1851 et
591 1808 776 1862 pulchro
796 1811 980 1851 veniens
1000 1822 1026 1850 e
1038 1809 1052 1835 ¹
1072 1822 1256 1863 corpore
1275 1810 1427 1852 virtus.

131 1928 247 1975 Non
271 1930 408 1975 enim
430 1926 535 1974 ullo
562 1926 950 1974 honestamento
974 1932 1124 1989 eget3
1158 1930 1265 1989 ipsa
1288 1944 1525 1991 magnum
1550 1932 1625 1975 sui

129 1995 283 2043 decus
319 2001 398 2042 est
432 2000 487 2042 et
522 2010 699 2057 corpus
730 2010 875 2040 suum
909 2000 1180 2041 consecrat.
1253 1994 1452 2042 Aliter²
1487 2002 1625 2043 certe

131 2062 396 2109 Claranum
452 2068 677 2108 nostrum
735 2064 878 2124 coepi
935 2064 1151 2118 intueri3
1210 2061 1450 2109 formosus
1501 2062 1624 2109 mihi

129 2130 330 2177 videtur
375 2135 430 2176 et
486 2135 591 2175 tam
647 2134 814 2176 rectus
861 2144 1066 2191 corpore
1124 2145 1273 2192 quam
1320 2135 1398 2176 est
1442 2133 1622 2177 animo.

79 2203 108 2250 3
132 2197 306 2244 Potest
331 2213 393 2244 ex
417 2212 529 2243 casa
552 2199 626 2243 vir
648 2212 858 2259 magnus
884 2198 1036 2253 exire,
1055 2202 1225 2259 potest
1249 2203 1303 2243 et
1326 2212 1389 2243 ex
1412 2196 1624 2245 deformi

130 2264 407 2327 humilique
449 2263 740 2326 corpusculo
782 2262 1024 2310 formosus
1064 2267 1257 2310 animus
1298 2280 1356 2310 ac
1395 2280 1621 2328 magnus.

131 2331 386 2390 Quosdam
426 2334 598 2394 itaque
637 2330 762 2377 mihi
802 2330 1003 2377 videtur
1041 2333 1096 2376 in
1137 2330 1232 2377 hoc
1279 2331 1406 2378 tales
1445 2338 1624 2378 natura

537 2448 551 2473 ¹
579 2447 675 2489 The
694 2447 850 2490 Vergil
869 2447 999 2490 MSS.
1022 2450 1125 2502 give
1142 2449 1204 2490 in.

330 2502 348 2527 ²
375 2507 592 2544 consecrat
610 2503 740 2543 aliter
760 2501 914 2543 Haase
932 2519 944 2550 ς
974 2503 1270 2544 consecraliter
1290 2502 1420 2546 MSS.
