1702 2918
522 166 669 213 THE
705 165 1026 214 EPISTLES
1062 166 1154 214 OF
1189 165 1459 214 SENECA

240 279 398 337 possit
433 292 548 322 cum
581 275 668 322 illa
702 275 929 324 conferre
965 276 1177 334 vultum,
1210 279 1307 324 nisi
1322 276 1340 308 1
1373 279 1473 323 iam
1508 283 1702 340 perveni

155 362 218 408 35
239 363 304 411 ad
320 380 569 411 summum
585 370 638 411 et
653 364 862 411 fiduciae
878 364 1058 427 plenus
1077 370 1168 412 est.
1227 364 1516 428 Inperfecta
1531 381 1702 413 necess

240 458 317 500 est
348 452 524 500 labent
556 459 610 500 et
641 453 789 500 modo
821 453 1085 516 prodeant,
1109 453 1259 500 modo
1291 453 1620 501 sublabantur
1649 472 1702 502 au

239 540 511 588 succidant.
601 540 944 590 Sublabentur
999 549 1187 600 autem,
1245 546 1342 589 nisi
1400 545 1472 590 ire
1531 549 1586 590 et
1641 545 1702 589 nii

238 633 701 692 perseveraverint3
759 634 801 678 si
852 635 1120 695 quicquam
1173 647 1236 679 ex
1289 631 1455 678 studio
1502 637 1556 678 et
1601 630 1702 678 fide?

239 719 525 765 intentione
549 717 842 777 laxaverint,
866 725 1002 766 retro
1026 718 1248 766 eundum
1274 725 1365 766 est.
1439 719 1602 766 Nemo
1625 735 1702 782 prc

239 804 431 852 fectum
463 806 533 853 ibi
567 809 779 866 invenit,
803 808 891 855 ubi
922 807 1207 870 reliquerat.
1282 807 1534 855 Instemus
1565 800 1702 870 itaqu

154 889 216 937 36
240 899 294 940 et
328 909 715 956 perseveremus.
808 894 939 953 Plus,
965 912 1114 958 quam
1146 894 1530 958 profligavimus,
1563 900 1702 941 restai

239 981 329 1029 sed
352 998 536 1045 magna
560 999 671 1046 pars
696 990 775 1031 est
799 983 1056 1047 profectus
1079 983 1211 1032 velle
1235 983 1486 1047 proficere.

327 1071 494 1118 Huius
518 1074 591 1118 rei
615 1075 840 1119 conscius
863 1071 988 1119 mihi
1020 1088 1160 1129 sum;
1195 1072 1307 1119 volo
1339 1078 1394 1120 et
1423 1077 1596 1119 mente
1627 1077 1702 1120 tot

239 1159 365 1207 volo.
437 1160 511 1207 Te
543 1176 742 1224 quoque
776 1163 1074 1208 instinctum
1100 1176 1208 1208 esse
1240 1166 1296 1208 et
1325 1176 1510 1223 magno
1531 1159 1596 1207 ad
1626 1158 1702 1223 pu]

241 1247 486 1296 cherrima
514 1265 779 1312 properare
811 1252 1007 1312 impetu
1038 1248 1198 1296 video.
1275 1248 1601 1311 Properemus
1618 1263 1631 1304 3
1666 1250 1702 1296 it

241 1335 446 1384 demum
480 1340 584 1384 vita
625 1336 923 1384 beneficium
960 1340 1068 1384 erit.
1141 1337 1346 1400 Alioqui
1385 1352 1522 1383 mora
1554 1343 1648 1395 est,
1682 1350 1702 1389 εῑ

241 1425 446 1489 quidem
479 1429 638 1490 turpis
669 1429 805 1473 inter
835 1425 985 1473 foeda
1019 1426 1345 1473 versantibus.
1418 1425 1481 1472 Id
1515 1442 1702 1489 agamus

240 1519 299 1560 ut
326 1520 554 1561 nostrum
588 1531 737 1562 omne
773 1521 974 1577 tempus
1003 1517 1078 1561 sit.
1151 1513 1265 1561 Non
1301 1517 1397 1561 erit
1431 1519 1618 1571 autem,
1642 1515 1702 1560 nil

157 1603 218 1652 37
242 1605 378 1664 prius
400 1618 491 1650 nos
515 1606 672 1650 nostri
701 1619 810 1650 esse
835 1605 1160 1665 coeperimus.
1232 1601 1450 1660 Quando
1474 1605 1702 1664 continge

243 1696 569 1738 contemnere
615 1697 880 1754 utramque
921 1689 1191 1749 fortunam,
1232 1689 1433 1754 quando
1474 1693 1702 1753 continge

242 1779 473 1826 omnibus
497 1782 744 1842 oppressis
779 1779 1062 1827 adfectibus
1097 1785 1152 1826 et
1186 1778 1278 1826 sub
1305 1779 1566 1825 arbitrium
1593 1792 1702 1843 suur

242 1866 473 1914 adductis
491 1866 621 1914 hanc
640 1883 814 1914 vocem
834 1870 1069 1914 emittere
1089 1871 1120 1893 “
1129 1866 1294 1913 vici''?
1353 1864 1520 1923 Quem
1535 1850 1702 1921 viceriiv

243 1957 473 2019 quaeris?
546 1956 660 2002 Non
692 1955 864 2003 Persas
895 1971 992 2003 nec
1024 1961 1250 2002 extrema
1278 1953 1545 2000 Medorum
1577 1968 1702 2003 neca

243 2043 366 2107 quid
389 2043 522 2090 ultra
550 2042 720 2090 Dahas
749 2043 1041 2090 bellicosum
1065 2045 1212 2100 iacet,
1238 2041 1328 2089 sed
1351 2044 1625 2099 avaritiam,
1649 2054 1702 2089 se

243 2132 588 2191 ambitionem,
612 2131 703 2180 sed
729 2138 923 2179 metum
949 2134 1139 2189 mortis,
1163 2133 1250 2195 qui
1272 2133 1485 2178 victores
1508 2132 1702 2192 gentiuz

245 2223 378 2267 vicit.
452 2220 602 2267 VALE.

525 2325 541 2350 ¹
568 2325 752 2373 vultum,
773 2324 860 2366 nisi
879 2323 1066 2372 Hense;
1093 2323 1262 2365 vultum
1278 2323 1317 2364 εἰ
1335 2321 1466 2365 MSS.

314 2418 334 2437 ‘⁸
364 2410 417 2451 In
437 2409 581 2451 which
601 2423 720 2456 case,
741 2409 798 2450 he
818 2407 964 2449 would
983 2408 1039 2449 be
1058 2406 1327 2461 completely
1347 2407 1546 2459 superior
1562 2408 1610 2446 to
1629 2399 1702 2458 hei

361 2465 379 2492 ¹³
406 2464 450 2506 A
468 2463 634 2506 nomad
652 2463 869 2517 Scythian
888 2462 1004 2504 tribe
1024 2465 1123 2503 east
1139 2462 1192 2503 of
1206 2461 1284 2503 the
1303 2459 1494 2514 Caspian
1515 2458 1614 2502 Sea.
1687 2502 1702 2531 Ι,

1689 2561 1702 2587 ,i

250 2636 318 2687 94

1696 2741 1702 2760 h

1695 2759 1702 2810 ,ἳέ
