1702 2918
458 162 605 209 THE
641 161 962 210 EPISTLES
999 161 1090 209 OF
1126 161 1390 210 SENECA

132 269 160 315 3
184 270 550 318 Grammaticus
591 275 720 318 circa
759 288 930 318 curam
969 275 1209 319 sermonis
1256 277 1480 319 versatur
1525 276 1597 330 et,
1634 274 1671 318 si

181 336 331 385 latius
361 341 557 402 evagari
589 339 715 397 vult,
740 342 869 386 circa
897 339 1142 397 historias,
1166 343 1264 386 iam
1298 345 1355 386 ut
1385 339 1673 402 longissime

182 404 306 452 fines
341 421 454 452 suos
490 406 726 468 proferat,
759 409 888 453 circa
923 410 1152 453 carmina.
1225 406 1363 465 Quid
1398 406 1575 452 horum
1609 406 1672 452 ad

182 475 420 519 virtutem
476 476 607 519 viam
658 475 875 521 sternit?
960 474 1271 537 Syllabarum
1323 476 1570 521 enarratio
1621 479 1674 520 et

182 540 445 586 verborum
464 540 728 603 diligentia
746 547 799 588 et
817 540 1096 588 fabularum
1114 544 1353 588 memoria
1371 547 1426 588 et
1443 557 1672 588 versuum

181 606 263 653 lex
309 623 367 653 ac
414 607 750 655 modificatio?
841 607 978 667 Quid
1025 624 1087 656 ex
1134 608 1211 656 his
1257 614 1451 655 metum
1497 607 1672 664 demit,

133 673 163 719 4
182 674 513 735 cupiditatem
533 679 724 733 eximit,
743 675 1005 723 libidinem
1023 675 1224 723 frenat?
1248 712 1258 722 .
1287 712 1298 724 .
1325 712 1336 724 .
1370 674 1640 733 Quaeritur
1656 674 1671 704 ¹

182 747 352 787 utrum
376 741 593 789 doceant
615 746 698 790 isti
730 745 970 790 virtutem
1000 759 1066 789 an
1095 759 1227 799 non;
1262 746 1304 790 si
1334 759 1436 789 non
1472 742 1670 800 docent,

182 824 248 855 ne
295 808 504 857 tradunt
548 810 768 873 quidem.
859 809 911 857 Si
958 809 1162 869 docent,
1208 809 1493 873 philosophi
1539 815 1668 856 sunt.

184 875 271 922 Vis
313 879 455 935 scire,
495 893 646 940 quam
691 894 793 924 non
832 877 895 924 ad
944 877 1223 925 docendam
1269 881 1510 924 virtutem
1557 892 1673 923 con-

183 943 444 991 sederint?
513 944 714 1007 Aspice,
738 961 888 1008 quam
917 944 1174 991 dissimilia
1202 948 1336 992 inter
1363 961 1417 992 se
1450 947 1673 991 omnium

183 1010 349 1057 studia
373 1013 503 1067 sint;
543 1015 683 1075 atqui
707 1011 982 1059 similitudo
1006 1019 1140 1060 esset
1163 1011 1298 1059 idem
1323 1011 1626 1059 docentium.

134 1072 163 1117 5
268 1077 379 1125 Nisi
436 1077 566 1126 forte
623 1079 718 1127 tibi
777 1079 1059 1126 Homerum
1113 1078 1466 1143 philosophum
1521 1078 1674 1126 fuisse

183 1145 504 1206 persuadent,
538 1163 652 1193 cum
687 1145 765 1193 his
799 1150 935 1209 ipsis,
959 1147 1139 1211 quibus
1174 1147 1436 1210 colligunt,
1464 1151 1669 1210 negent.

185 1211 315 1259 Nam
354 1213 504 1260 modo
545 1212 768 1261 Stoicum
810 1213 954 1261 illum
994 1213 1202 1272 faciunt,
1239 1217 1477 1261 virtutem
1518 1213 1672 1261 solam

182 1280 480 1342 probantem
505 1287 558 1327 et
589 1281 874 1344 voluptates
906 1281 1246 1344 refugientem
1281 1287 1336 1329 et
1366 1282 1430 1328 ab
1462 1280 1674 1328 honesto

182 1362 248 1394 ne
289 1348 664 1396 inmortalitatis
705 1348 909 1412 quidem
950 1352 1114 1412 pretio
1149 1348 1489 1406 recedentem,
1524 1347 1674 1396 modo

181 1413 502 1476 Epicureum,
544 1415 835 1463 laudantem
875 1422 1063 1464 statum
1110 1420 1312 1480 quietae
1359 1419 1574 1463 civitatis
1621 1421 1675 1463 et

180 1483 316 1528 inter
339 1486 563 1530 convivia
591 1490 867 1547 cantusque
894 1487 1049 1530 vitam
1074 1487 1341 1547 exigentis,
1365 1483 1515 1530 modo
1542 1482 1674 1530 Peri-

181 1552 476 1611 pateticum,
512 1554 608 1597 tria
645 1551 886 1598 bonorum
924 1567 1113 1614 genera
1146 1551 1490 1609 inducentem,
1524 1549 1673 1598 modo

184 1616 558 1676 Academicum,
604 1621 771 1665 omnia
823 1622 1015 1666 ineerta
1071 1618 1341 1666 dicentem.
1447 1617 1674 1681 Adparet

180 1682 308 1731 nihil
333 1683 510 1731 horum
535 1701 644 1733 esse
667 1688 720 1732 in
745 1685 848 1744 illo,
873 1689 989 1750 quia
1012 1689 1179 1733 omnia
1201 1692 1332 1733 sunt.
1407 1685 1511 1732 Ista
1539 1687 1674 1733 enim

248 1769 263 1796 ¹
291 1770 425 1812 After
433 1771 589 1825 fremat
613 1770 742 1814 MSS.
767 1773 870 1826 give
892 1773 953 1814 ad
966 1773 1245 1826 yeometriam
1269 1777 1540 1814 transeamus
1558 1776 1598 1813 et
1615 1769 1694 1814 ad.

181 1825 368 1866 musicen
379 1840 400 1875 ;
435 1826 548 1867 nihil
575 1827 698 1880 apud
729 1826 830 1868 illas
861 1827 1064 1875 invenies,
1095 1827 1211 1881 quod
1237 1831 1345 1868 vetet
1377 1827 1539 1873 timere,
1569 1829 1675 1867 votet
1696 1838 1702 1866 .·

181 1892 346 1932 cupere.
409 1879 609 1934 Quisquis
644 1880 653 1890 ’
679 1886 825 1928 norat,
855 1881 949 1922 alia
966 1881 1148 1935 smtra
1173 1881 1268 1928 ecit,
1299 1880 1478 1934 leaving
1506 1894 1563 1921 an
1595 1881 1675 1920 im-

180 1932 376 1986 possible
395 1937 559 1987 syntax
579 1934 635 1976 be
657 1947 733 1976 ore
751 1940 914 1977 utrum.
984 1934 1229 1977 Videndwm
1242 1940 1393 1977 utrum
1407 1934 1519 1976 later
1539 1932 1669 1976 MSS.

184 1986 421 2037 Quaeritur
437 1987 585 2029 would
604 1988 661 2030 be
679 2002 709 2030 a
726 1988 988 2030 reasonable
1006 1989 1276 2043 conjecture.

246 2091 267 2112 ⁶
298 2085 617 2127 Grammaticus
652 2087 698 2127 in
727 2085 928 2128 classical
957 2085 1110 2129 Greek
1147 2099 1302 2128 means
1339 2091 1468 2127 “one
1505 2085 1605 2127 who
1635 2086 1674 2127 is

180 2138 371 2180 familiar
407 2139 514 2180 with
552 2139 630 2181 the
665 2139 879 2194 alphabet
892 2139 945 2188 ”3
990 2141 1035 2181 in
1074 2140 1150 2181 the
1187 2139 1488 2182 Alexandrian
1527 2153 1612 2193 age
1646 2152 1679 2180 a.

182 2197 212 2216 ‘⁶
227 2193 412 2235 student
437 2194 489 2235 of
511 2193 740 2236 literature
754 2194 802 2243 ”3
830 2195 875 2236 in
905 2194 984 2235 the
1013 2194 1190 2236 Roman
1214 2207 1300 2248 age
1324 2194 1402 2235 the
1421 2193 1683 2248 equivalent'

179 2246 476 2310 ofilitteratus.
536 2247 709 2290 Seneca
727 2261 882 2290 means
911 2248 1017 2290 here
1044 2262 1072 2290 a
1093 2254 1124 2272 ‘⁶
1141 2248 1367 2302 specialist
1384 2249 1429 2289 in
1448 2248 1673 2302 linguistic

180 2301 401 2343 science.”

248 2356 265 2382 ⁶
292 2355 382 2403 220„
403 2355 672 2410 philosophy
691 2355 884 2410 (virtue).

247 2417 263 2436 ⁶
289 2408 397 2451 This
423 2409 583 2463 theory
612 2423 703 2452 was
731 2410 958 2464 approved
986 2410 1048 2464 by
1077 2409 1376 2458 Democritus,
1406 2410 1598 2464 Hippias
1626 2405 1678 2456 ost

180 2463 289 2511 Elis,
318 2463 409 2504 and
436 2463 515 2505 the
543 2463 794 2517 allegorica!
831 2467 1145 2518 interpreters;
1183 2463 1500 2518 Xenophanes,
1532 2463 1677 2509 Heras

180 2517 326 2564 clitus,
343 2517 435 2558 and
455 2517 582 2559 Plato
597 2518 780 2560 himself
794 2517 1075 2560 condemned
1094 2517 1268 2560 Homer
1282 2518 1350 2560 for
1364 2517 1434 2560 his
1449 2511 1675 2572 supposed'

180 2570 522 2625 unphilosophic
540 2571 844 2616 fabricatione.
1666 2589 1671 2596 ·

183 2640 281 2685 850
