1702 2918
408 132 556 179 THE
592 132 914 180 EPISTLES
950 133 1041 188 OF
1077 132 1342 181 SENECA

125 245 291 305 ipsum
322 242 404 289 hic
435 258 565 289 unus
596 259 714 290 usus
748 246 989 305 pertinet,
1021 242 1157 305 quod
1189 241 1367 289 utendi
1397 243 1628 290 omnibus

49 313 55 315 *
127 336 275 367 causa
315 325 404 367 est.
495 318 706 383 Sapiens
747 326 852 367 tam
887 336 1048 383 aequo
1082 323 1248 366 animo
1289 323 1456 367 omnia
1494 319 1628 383 apud
1648 349 1669 403 f

128 398 249 445 alios
290 397 431 445 videt
470 401 852 462 contemnitque
893 415 1043 461 quam
1080 397 1311 461 Iuppiter
1346 404 1401 446 et
1440 398 1536 446 hoc
1576 415 1630 447 se
1653 405 1702 459 Γ.

130 480 290 539 magis
331 479 555 538 suspicit,
595 476 732 540 quod
775 475 1006 540 Iuppiter
1046 480 1122 523 uti
1162 476 1260 523 illis
1301 493 1404 523 non
1445 483 1631 539 potest,
1652 470 1702 527 11

52 557 110 604 15
132 558 328 617 sapiens
346 571 448 601 non
466 553 589 601 vult.
651 553 922 602 Credamus
946 558 1118 618 itaque
1143 554 1316 602 Sextio
1334 558 1632 602 monstranti
1691 575 1702 603 fi¹

132 632 524 696 pulcherrimum
548 635 647 680 iter
670 638 724 680 et
757 632 1024 679 clamanti:
1060 636 1093 659 “
1106 632 1201 679 hac
1225 635 1358 679 ‘itur
1380 632 1444 679 ad
1468 632 1631 691 astra,'
1691 671 1694 674 Α

133 710 227 757 hac
251 709 528 758 secundum
552 709 916 773 frugalitatem,
933 709 1027 756 hac
1052 709 1331 757 secundum
1348 715 1634 774 temperan-

134 793 274 848 tiam,
297 788 392 836 hac
417 788 694 836 secundum
719 787 1120 835 fortitudinem.’'

220 867 336 914 Non
371 873 490 914 sunt
523 866 576 913 di
612 865 871 924 fastidiosi,
902 882 1004 912 non
1037 865 1224 922 invidi3
1269 865 1549 914 admittunt
1584 873 1638 916 et
1694 883 1702 916 ε

53 951 114 999 16
135 945 526 993 ascendentibus
561 960 766 991 manum
799 947 1077 1007 porrigunt.
1151 943 1346 990 Miraris
1381 943 1638 994 hominem

135 1023 200 1072 ad
235 1023 357 1071 deos
391 1024 501 1070 ire?
575 1021 715 1069 Deus
749 1021 815 1069 ad
856 1020 1084 1069 homines
1125 1024 1283 1080 venit,
1317 1025 1470 1070 immo
1504 1023 1637 1087 quod
1701 1018 1702 1026 ¹

138 1109 217 1151 est
249 1104 467 1165 propius,
499 1103 553 1147 in
584 1099 814 1148 homines
840 1103 1011 1157 venit;
1046 1099 1187 1147 nulla
1222 1103 1330 1147 sine
1364 1099 1463 1148 deo
1497 1115 1639 1149 mens

136 1181 269 1229 bona
315 1184 406 1227 est.
503 1176 707 1225 Semina
752 1180 807 1224 111
852 1178 1139 1240 corporibus
1190 1177 1421 1224 humanis
1473 1177 1664 1227 divina·

139 1259 362 1322 dispersa
401 1262 537 1314 sunt,
572 1271 702 1319 quae
743 1258 784 1302 si
824 1255 986 1302 bonus
1027 1255 1190 1302 cultor
1225 1259 1428 1319 excipit,
1464 1256 1665 1314 similia¹

139 1338 319 1400 origini
359 1334 614 1398 prodeunt
654 1339 709 1382 et
748 1336 885 1396 paria
925 1336 1002 1392 iis,
1038 1350 1101 1381 ex
1142 1334 1323 1397 quibus
1358 1340 1468 1381 orta
1507 1341 1642 1394 sunt,

139 1419 383 1478 surgunt3
435 1416 476 1460 si
516 1411 692 1470 malus,
728 1427 832 1458 non
867 1411 1014 1459 aliter
1053 1428 1203 1475 quam
1244 1410 1426 1459 humus
1462 1412 1671 1470 sterilis,

139 1509 198 1540 ac
238 1491 472 1555 palustris
506 1495 657 1537 necat
695 1505 754 1536 ac
789 1488 976 1536 deinde
1011 1494 1149 1537 creat
1188 1495 1521 1554 purgamenta
1554 1507 1645 1554 pro

142 1569 382 1634 frugibus.
454 1567 607 1615 Van.

781 1777 1011 1827 LXXIV.

494 1928 688 1978 Smne-A
725 1927 927 1976 chmo
960 1943 1046 1976 svo
1081 1941 1298 1975 siim-rau

98 2067 123 2116 1
231 2059 463 2125 Epistula
484 2065 574 2106 tua
591 2058 865 2106 delectavit
886 2072 969 2104 me
988 2062 1042 2103 et
1065 2061 1374 2103 marcentem
1394 2059 1648 2116 excitavit,

147 2142 437 2189 memoriam
474 2152 674 2202 quoque
710 2152 891 2194 meam,
926 2151 1056 2199 quae
1090 2138 1191 2182 iam
1225 2133 1349 2182 mihi
1390 2137 1559 2198 segnis
1593 2152 1650 2182 ac

146 2219 288 2267 lenta
311 2223 402 2274 est,
430 2217 668 2263 evocavit.

233 2294 424 2354 Quidni
440 2300 514 2352 tu,
529 2296 599 2340 mi
616 2291 794 2350 Lucili,
808 2293 1080 2338 maximum
1095 2295 1244 2353 putes
1259 2292 1650 2338 instrumentum

213 2421 236 2441 ⁰
262 2411 434 2465 Vergil,
457 2410 642 2458 Aeneia,
663 2411 723 2451 ix.
747 2411 839 2452 641.

151 2465 464 2564 intlasoec'tpp
504 2465 580 2507 xli.
620 2467 666 2516 ἐς
705 2466 726 2505 1
762 2463 795 2506 f.
831 2475 973 2517 propo
1009 2466 1071 2504 eet
1107 2475 1136 2503 a
1172 2465 1214 2504 to
1249 2461 1368 2510 dm,
1404 2466 1542 2504 tecwm
1573 2468 1650 2511 est,

157 2593 252 2636 112
