1702 2918
467 143 615 190 THE
651 141 974 191 EPISTLES
1012 143 1103 190 OF
1138 142 1405 190 SENECA

193 258 339 298 tuum
378 254 491 316 quis
531 255 684 299 istum
724 268 901 315 agrum
942 253 1149 298 tenuit?
1218 250 1387 309 Cuius,
1426 266 1530 297 non
1574 249 1628 297 di

194 318 425 377 hominis,
470 319 560 367 sed
606 319 779 382 populi
825 318 994 377 fuerit,
1036 318 1275 381 expedire
1321 318 1502 381 potes?
1574 317 1652 365 No

193 385 426 434 dominus
450 390 563 445 isto,
583 386 673 434 sed
697 386 902 433 colonus
926 389 1139 433 intrasti.
1212 385 1364 433 Cuius
1382 385 1586 432 colonus
1603 400 1659 433 es

195 452 246 500 Si
273 454 404 502 bene
427 460 599 501 tecum
627 457 810 517 agitur,
834 453 1048 501 heredis.
1123 453 1327 517 Negant
1354 451 1646 499 iurisconsul

193 523 461 584 quicquam
484 537 577 568 usu
601 525 711 584 capi
725 522 743 552 1
762 521 1049 584 publicum3
1084 519 1197 579 hoc,
1214 520 1348 583 quod
1373 526 1536 577 tenes,
1553 535 1619 582 qu

192 594 337 635 tuum
363 589 503 647 dicis,
527 588 783 652 publicum
814 595 892 636 est
924 594 978 636 et
1005 587 1211 651 quidem
1239 590 1438 651 generis
1466 586 1588 634 hum

113 652 174 699 13
197 655 243 701 O
291 660 547 720 egregiam
584 657 772 703 artem!
846 655 951 704 Scis
990 655 1208 702 rotunda
1247 658 1431 713 metiri,
1470 658 1524 702 in
1569 670 1636 718 qu

195 722 394 770 dratum
418 723 605 787 redigis
629 739 997 787 quamcumque
1014 726 1267 786 acceperis
1289 721 1517 780 formam,
1534 724 1612 768 int

195 790 324 836 valla
347 790 567 838 siderum
590 791 731 850 dicis,
749 790 874 838 nihil
900 796 994 849 est,
1012 790 1148 854 quod
1165 794 1219 837 in
1244 805 1526 837 mensuram
1550 794 1607 836 tu

197 874 299 904 non
334 857 493 906 cadat.
567 857 620 906 Si
653 858 837 906 artifex
880 874 950 916 es,
985 860 1166 906 metire
1200 856 1416 904 hominis
1450 859 1620 903 animu

200 926 295 972 Dic
334 941 486 989 quam
519 942 732 989 magnus
767 929 849 984 sit,
873 925 956 973 dic
986 941 1138 989 quam
1172 924 1382 988 pusillus
1417 927 1495 972 sit.
1569 923 1603 971 S
1636 926 1647 936 ”

197 1009 325 1056 quae
349 999 488 1040 recta
511 997 577 1040 sit
600 993 763 1050 linea3
797 992 920 1057 quid
944 993 1038 1040 tibi
1062 991 1284 1056 prodest,
1302 995 1344 1040 si
1367 991 1491 1055 quid
1513 994 1568 1038 in
1589 993 1639 1038 vi

195 1066 391 1108 rectum
416 1064 482 1108 sit
505 1063 740 1124 ignoras?

115 1120 177 1169 14
283 1127 445 1175 Venio
494 1144 630 1175 nunc
686 1128 752 1176 ad
808 1127 969 1187 illum,
1015 1130 1103 1191 qui
1161 1126 1455 1174 caelestium
1513 1128 1623 1174 noti

198 1194 470 1258 gloriatur:

417 1311 599 1366 Frigida
618 1311 799 1355 Saturni
819 1324 920 1353 sese
939 1323 1029 1365 quo
1049 1309 1179 1352 stella
1198 1313 1412 1365 receptet,

416 1365 543 1420 Quos
562 1368 679 1420 ignis
698 1365 810 1408 caeli
830 1365 1059 1420 Cyllenius
1078 1368 1196 1406 erret
1214 1366 1259 1406 in
1280 1364 1425 1406 orbes.

203 1474 319 1520 Hoc
366 1476 493 1520 scire
539 1472 663 1536 quid
709 1471 968 1536 proderit?
1040 1470 1114 1519 Ut
1160 1470 1402 1519 sollicitus
1426 1473 1536 1528 sim,
1583 1485 1611 1517 c

202 1541 446 1589 Saturnus
470 1546 525 1589 et
551 1540 686 1587 Mars
710 1555 772 1587 ex
797 1541 1045 1586 contrario
1077 1539 1284 1586 stabunt
1311 1544 1400 1585 aut
1423 1554 1538 1585 cum
1564 1537 1615 1584 M

202 1612 367 1656 curius
399 1611 740 1671 vespertinum
771 1606 926 1654 faciet
960 1622 1191 1654 occasum
1226 1605 1434 1654 vidente
1465 1604 1650 1652 Saturn
1679 1603 1681 1612 '

202 1679 369 1740 potius
404 1692 553 1739 quam
590 1675 685 1722 hoc
719 1674 925 1733 discam,
953 1674 1258 1737 ubicumque
1293 1679 1412 1720 sunt
1445 1676 1554 1729 ista,
1586 1688 1621 1735 p
1664 1724 1666 1726 v

120 1753 180 1800 15
203 1747 329 1807 pitia
370 1759 496 1801 esse,
530 1759 632 1790 non
667 1758 813 1805 posse
851 1742 1071 1789 mutari?
1140 1741 1266 1805 Agit
1304 1740 1391 1787 illa
1431 1743 1638 1787 continu

203 1811 326 1858 ordo
349 1810 564 1858 fatorum
591 1816 645 1857 et
667 1809 972 1857 inevitabilis
1004 1824 1188 1856 cursus.
1265 1807 1361 1856 Per
1383 1814 1540 1856 statas
1566 1810 1613 1853 vi

202 1885 432 1926 remeant
466 1884 522 1926 et
556 1877 764 1925 effectus
799 1893 967 1924 rerum
1002 1880 1227 1924 omnium
1257 1882 1346 1924 aut
1373 1881 1581 1923 movent
1609 1888 1673 1922 au

269 1981 285 2008 ¹
314 1981 447 2024 After
464 1995 548 2023 usu
566 1981 666 2036 oapi
684 1980 763 2023 the
782 1979 895 2022 later
910 1978 1042 2023 MSS.
1062 1981 1165 2034 give
1179 1979 1404 2035 publicum
1433 2011 1444 2022 .
1477 2009 1490 2021 .
1523 2010 1535 2022 .
1567 1979 1616 2021 d·
1644 1978 1655 1990 ⁸

203 2036 393 2079 omitted
411 2036 474 2090 by
493 2034 618 2078 VPb.

269 2183 290 2201 ⁶
317 2174 408 2221 220..
437 2172 509 2215 for
543 2186 572 2213 a
607 2173 776 2214 certain
809 2175 924 2213 term
957 2171 1010 2213 of
1041 2184 1204 2225 years;
1231 2183 1308 2212 see
1336 2170 1392 2213 R.
1425 2169 1495 2212 W.

202 2229 378 2271 Roman
405 2227 585 2268 Privato
621 2227 741 2274 Lam,
772 2239 846 2280 pp.
882 2228 960 2267 133
987 2225 1032 2267 ff.
1093 2225 1313 2279 Compare
1340 2224 1435 2267 also
1463 2223 1644 2266 Lucreti

202 2285 262 2326 iii.
286 2285 382 2328 9⁷1,
403 2280 493 2322 and
514 2280 709 2328 Horace,
731 2281 819 2335 Ep.
843 2281 886 2322 ii.
909 2283 950 2323 2.
977 2283 1067 2322 159.

269 2339 286 2364 ὃ
314 2335 483 2389 Vergil,
508 2335 657 2389 Gom-y.
682 2336 710 2376 i.
732 2336 814 2375 336
833 2334 866 2376 f.

270 2398 287 2417 ⁰
314 2390 478 2432 Saturn
516 2388 607 2430 and
654 2387 776 2430 Mars
815 2401 931 2429 were
976 2386 1194 2441 regarded
1236 2400 1287 2429 as
1331 2386 1532 2440 unlucky
1565 2399 1587 2428 s

204 2444 465 2496 Astrology,
487 2442 632 2484 which
652 2442 781 2484 dates
800 2441 919 2483 back
933 2441 1113 2496 beyond
1131 2444 1241 2482 3000
1258 2454 1341 2483 nc.
1366 2443 1410 2482 in
1434 2440 1652 2494 Babyloni
1700 2441 1702 2485 i

203 2512 295 2540 was
321 2497 567 2550 developed
594 2497 624 2538 b
674 2496 753 2538 the
781 2495 957 2539 Greeks
985 2495 1038 2537 of
1060 2495 1139 2537 the
1166 2494 1467 2536 Alexandrian
1496 2507 1582 2548 age
1698 2493 1702 2546 ξ

201 2557 284 2608 got
300 2566 330 2593 a
342 2550 547 2594 foothold
559 2552 606 2592 in
693 2563 768 2592 me
781 2550 843 2605 by
854 2549 934 2592 the
951 2549 1119 2592 second
1133 2553 1321 2603 century
1336 2562 1441 2596 ια,
1458 2547 1640 2590 flonrish

205 2614 304 2666 856
