1702 2918
485 103 631 151 THE
666 103 989 152 EPISTLES
1027 104 1118 153 OF
1154 104 1421 153 SENECA

203 216 261 256 ut
285 209 405 257 dum
430 213 617 270 scribis,
636 213 790 276 legas,
809 217 975 260 omnia
997 213 1061 260 ad
1078 230 1241 261 mores
1259 220 1312 261 et
1335 214 1400 261 ad
1424 213 1692 262 sedandam

202 277 392 324 rabiem
437 278 727 326 adfectuum
776 281 1011 328 referens.
1107 280 1285 339 Stude,
1330 297 1434 328 non
1480 287 1540 329 ut
1583 280 1695 344 plus

203 343 393 407 aliquid
416 349 554 404 scias,
579 347 669 394 sed
693 354 752 395 ut
774 348 966 396 melius.
1039 347 1191 396 VALE.

549 717 743 766 SENECA
779 717 981 766 chmo
1017 734 1101 765 svo
1137 734 1354 767 SALVTEM

155 859 179 907 1
288 847 415 908 Quis
439 848 687 906 dubitare,
711 852 781 895 mi
806 848 984 907 Lucili,
1009 855 1194 912 potest,
1218 853 1339 913 quin
1369 849 1577 897 deorum
1604 852 1702 897 im-'3

205 917 490 963 mortalium
514 932 695 963 munus
715 920 779 963 sit
798 916 931 980 quod
950 919 1175 974 vivimus,
1195 916 1537 980 philosophiae
1561 902 1702 981 quodl

205 984 337 1031 bene
374 984 620 1030 vivimus?
692 983 870 1047 ltaque
906 989 1050 1031 tanto
1084 983 1196 1047 plus
1231 983 1346 1031 huic
1382 1001 1472 1031 nos
1509 978 1697 1059 deberq

206 1067 355 1114 quam
396 1051 489 1108 dis,
530 1057 720 1114 quanto
761 1054 919 1098 maius
966 1050 1265 1098 beneficium
1306 1057 1385 1099 est
1424 1052 1555 1098 bona
1596 1055 1698 1117 vitq

206 1134 356 1181 quam
391 1122 510 1176 vita,
539 1135 628 1181 pro
663 1124 801 1166 certo
837 1117 1124 1176 haberetur,
1155 1121 1251 1166 nisi
1285 1122 1445 1182 ipsam
1480 1114 1697 1182 philososs=

206 1185 372 1248 phiam
422 1186 474 1233 di
521 1186 827 1233 tribuissent.
900 1185 1050 1233 Cuius
1096 1189 1357 1233 scientiam
1403 1186 1560 1233 nulli¹
1609 1181 1702 1235 de·-

157 1257 185 1303 2
206 1252 407 1311 derunt,
442 1252 736 1301 facultatem
778 1253 1020 1300 omnibus.
1094 1253 1224 1299 Nam
1258 1256 1299 1300 si
1334 1252 1464 1300 hanc
1498 1255 1699 1318 quoque⁴

207 1321 395 1367 bonum
431 1321 635 1382 vulgare
672 1320 944 1368 fecissent2
975 1326 1029 1367 et
1061 1320 1336 1383 prudentes
1364 1337 1696 1381 nasceremurj

208 1391 454 1451 sapientia
494 1387 629 1452 quod
674 1391 728 1435 in
773 1404 827 1435 se
868 1391 1114 1451 optimum
1155 1387 1326 1447 habet,
1367 1388 1695 1451 perdidisset:

208 1458 342 1502 inter
381 1455 589 1502 fortuita
628 1472 731 1502 non
777 1456 925 1502 esse.3
996 1455 1143 1502 Nunc
1190 1458 1325 1503 enim
1373 1455 1467 1503 hoc
1513 1459 1566 1503 in
1612 1455 1702 1514 illa,

209 1527 483 1586 pretiosum
513 1529 666 1586 atque
699 1523 1016 1586 magnificum
1053 1528 1146 1581 est,
1170 1522 1306 1587 quod
1340 1539 1442 1570 non
1477 1523 1702 1587 obvenit,t

208 1590 342 1654 quod
388 1590 526 1637 illam
572 1590 666 1637 sibi
712 1594 923 1654 quisque
969 1589 1142 1648 debet,
1183 1590 1317 1654 quod
1358 1607 1459 1637 non
1499 1591 1563 1638 ab
1602 1590 1702 1673 aliq

244 1661 412 1705 etitur.
1698 1675 1702 1678 “

207 1674 241 1720 p
292 1724 430 1784 Quid
470 1725 681 1773 haberes
721 1724 855 1788 quod
896 1727 949 1771 in
984 1724 1298 1788 philosophia
1333 1729 1623 1788 suspiceres,
1658 1707 1702 1807 δή

158 1801 186 1847 3
210 1793 524 1840 beneficiaria
563 1809 642 1840 res
684 1793 853 1840 esset?
923 1791 1090 1839 Huius
1136 1808 1261 1855 opus
1307 1809 1463 1839 unum
1511 1799 1589 1841 est
1634 1793 1666 1841 d

209 1860 388 1907 divinis
417 1860 747 1923 humanisque
780 1876 950 1907 verum
979 1859 1242 1907 invenire.⁴=
1310 1859 1393 1906 Ab
1427 1859 1521 1907 hac
1555 1877 1677 1907 num

209 1944 359 1991 quam
393 1927 586 1975 recedit
623 1927 814 1990 religio,
850 1930 1028 1990 pietas,
1062 1930 1255 1974 iustitia
1292 1932 1346 1974 et
1380 1931 1540 1975 omnis
1575 1880 1702 2072 alini

209 1998 475 2042 comitatus
498 1999 744 2042 virtutum
768 2000 1109 2042 consertarum
1128 2000 1182 2042 et
1199 1997 1333 2042 inter
1356 2010 1410 2041 se
1430 1994 1676 2043 cohaeren

624 2102 638 2128 1
666 2102 781 2143 nulli
799 2101 911 2142 later
931 2099 1096 2150 MSS.;
1123 2102 1206 2143 um
1227 2100 1277 2143 Β.
1691 2084 1702 2148 ιζ

544 2156 562 2181 ²
579 2157 782 2211 fecissent
802 2155 913 2196 later
933 2154 1066 2197 MSS.
1084 2171 1097 2203 ς
1116 2155 1287 2210 fecisset
1309 2155 1360 2197 B.
1692 2160 1702 2208 Δ

487 2210 506 2236 ⁸
531 2224 621 2252 non
639 2224 722 2251 esse
740 2209 1022 2257 Gloeckner;
1050 2223 1140 2251 non
1157 2215 1258 2251 esset
1279 2208 1410 2252 MSS.
1690 2228 1702 2266 ῑ

536 2266 552 2290 ⁴
581 2265 772 2306 invenire
789 2264 902 2304 later
922 2263 1052 2305 MSS.
1072 2278 1083 2311 ;
1113 2263 1300 2304 inveniri
1321 2263 1371 2306 B.
1692 2319 1696 2322 γ

214 2343 1702 2367 .-————————-—-——-—————-d

276 2412 296 2431 ἰ
327 2403 394 2459 of.
418 2406 525 2453 518·
1690 2373 1702 2391 ⁴

276 2460 292 2484 ὁ
324 2458 389 2512 Cfi
418 2457 560 2504 Plato,
584 2457 704 2498 Orico
726 2459 794 2503 48,
819 2458 944 2497 “not
971 2455 1048 2497 life
1076 2455 1211 2504 itself,
1242 2456 1324 2498 but
1351 2470 1378 2497 a
1402 2457 1522 2510 good
1549 2457 1640 2507 life,
1661 2460 1702 2501 iu

207 2512 370 2566 chiefly
388 2515 436 2553 to
456 2512 512 2553 be
532 2510 751 2552 desired.'’
1694 2513 1702 2523 -

212 2583 310 2632 394·
