1702 2918
473 118 620 166 THE
654 118 980 168 EPISTLES
1017 117 1109 166 OF
1143 116 1411 165 SENECA

189 241 289 288 que
323 232 570 290 quantum
604 233 750 290 potes
784 242 939 284 vexa3
986 232 1041 275 et
1074 229 1183 274 istis
1217 225 1502 273 dicentibus
1537 229 1570 253 “
1583 241 1697 288 qum

109 309 167 357 19
190 319 349 366 usque
388 304 646 353 eadem?’'
706 305 984 369 responde:
1031 309 1175 369 “ego
1219 304 1469 352 debebam
1514 303 1695 351 dicere·

190 385 320 445 ‘quo
368 398 527 446 usque
579 382 758 431 eadem
809 382 1144 447 peccabitis?'
1165 382 1191 398 '’
1272 381 1514 430 Remedia
1561 387 1702 429 ante'·

190 457 342 506 vultis
389 475 540 523 quam
584 463 708 508 vitia
752 460 1019 509 desinere?
1111 460 1221 524 Ego
1268 475 1384 508 vero
1424 475 1486 507 eo
1524 462 1686 522 magis

189 533 354 582 dicam
390 542 460 596 et,
489 540 607 601 quia
639 541 896 597 recusatis,
923 538 1266 602 perseverabo.
1338 536 1481 584 Tunc
1507 539 1661 600 incipi
1696 535 1702 538 ”

191 612 442 660 medicina
476 614 733 678 proficere,
758 616 844 663 ubi
878 619 933 663 in
967 631 1174 678 corpore
1207 614 1427 662 alienato
1461 614 1632 662 dolore

191 696 357 739 tactus
404 696 662 755 expressit.
759 692 939 740 Dicam
993 696 1148 740 etiam
1194 695 1365 741 invitis
1411 691 1615 756 profutu

195 768 480 832 Aliquando
514 770 682 835 aliqua
711 770 776 818 ad
811 787 898 819 vos
931 787 1035 818 non
1069 770 1255 818 blanda
1288 787 1385 818 vox
1418 773 1604 827 veniat,

190 850 308 910 quia
331 863 504 895 verum
529 848 714 912 singuli
736 849 910 897 audire
938 865 1043 896 non
1070 848 1239 907 vultis,
1262 848 1463 912 publice
1498 847 1640 895 audit

106 929 170 977 20
192 923 308 984 Quo
348 942 506 990 usque
542 926 667 975 fines
701 930 1070 990 possessionum
1105 927 1480 991 propagabitis?
1550 927 1666 993 Age¹

191 1006 278 1050 uni
309 1003 530 1063 domino,
558 1008 644 1070 qui
673 1005 916 1069 populum
947 1008 1101 1069 cepit,
1130 1011 1374 1069 angustus
1409 1010 1499 1053 est.
1572 994 1670 1063 Qu'

191 1098 350 1146 usque
381 1086 630 1131 arationes
662 1083 885 1131 vestrasl
921 1086 1204 1147 porrigetiS‚
1227 1099 1295 1131 ne
1326 1085 1636 1147 provinciaru

190 1159 395 1223 quidem
431 1164 593 1224 spatio
608 1161 628 1192 ²
662 1164 893 1208 contenti
934 1161 1339 1209 circumscribere
1373 1160 1635 1225 praedioru
1672 1224 1674 1226 Ι

192 1237 436 1285 modum?
520 1237 812 1285 Inlustrium
861 1237 1123 1286 fluminum
1169 1255 1260 1302 per
1305 1241 1554 1302 privatum
1599 1237 1633 1285 d

192 1331 363 1363 cursus
403 1322 484 1363 est
518 1322 573 1363 et
606 1332 780 1364 amnes
819 1319 991 1380 magni
1025 1332 1420 1380 magnarumque
1457 1318 1634 1380 gentiu
1678 1368 1683 1370 ,

193 1395 396 1440 termini
431 1409 590 1457 usque
621 1393 687 1441 ad
718 1397 902 1441 ostium
937 1411 968 1441 a
1001 1393 1145 1442 fonte
1181 1396 1332 1442 vestri
1368 1399 1500 1441 sunt.
1574 1386 1697 1449 Hoc?

191 1487 392 1535 quoque
443 1488 619 1535 parum
671 1478 767 1530 est,
812 1475 907 1519 nisi
967 1471 1246 1519 latifundiis
1302 1475 1478 1519 vestris
1535 1458 1689 1546 11181*ἰὲΙ

192 1552 433 1608 cinxistis,
456 1552 552 1596 nisi
575 1555 714 1597 trans
741 1548 986 1597 Hadriam
1016 1555 1070 1597 et
1099 1549 1298 1597 Ionium
1326 1549 1697 1619 Aegaeumqu

193 1633 360 1675 vester
399 1627 574 1675 vilicus
614 1634 812 1691 regnat,
848 1631 943 1675 nisi
967 1628 1176 1687 insulae,
1213 1627 1399 1675 ducum
1439 1626 1656 1675 domicil
1689 1644 1697 1692 ,s

192 1721 505 1769 magnorum,
523 1708 659 1752 inter
676 1705 912 1752 vilissima
930 1721 1096 1753 rerum
1114 1711 1454 1752 numerantur.
1525 1703 1574 1764 Q
1668 1700 1679 1714 ¹

193 1782 345 1830 vultis
371 1782 473 1829 late
498 1782 770 1846 possidete,
789 1786 855 1830 sit
878 1781 1064 1830 fundus
1082 1782 1218 1846 quod
1240 1782 1509 1846 aliquando
1532 1785 1600 1828 im
1668 1791 1671 1794 ’

193 1864 322 1907 rium
363 1861 662 1918 vocabatur3
714 1860 868 1909 facite
914 1867 1136 1909 vestrum
1177 1860 1416 1925 quicquid
1462 1847 1693 1931 potestis}

193 1937 315 1985 dum
339 1937 452 2001 plus
476 1942 542 1986 sit
565 1938 745 1986 alieno.

111 2028 168 2075 21
280 2016 429 2063 Nunc
474 2016 731 2064 vobiscum
778 2016 970 2080 loquor,
1012 2033 1224 2080 quorum
1265 2032 1426 2080 aeque
1473 2019 1636 2080 spatio
1700 2076 1702 2082 y

195 2094 389 2141 luxuria
434 2110 584 2158 quam
631 2093 831 2141 illorum
879 2097 1087 2142 avaritia
1133 2093 1444 2141 diffunditur.
1538 2094 1664 2141 Vob·

319 2211 335 2239 ¹
363 2212 584 2254 arationes
601 2217 765 2254 vestran
783 2211 998 2254 Erasmus
1014 2227 1027 2261 ς
1055 2226 1085 2253 a
1102 2212 1314 2263 rationib‚·
1339 2212 1490 2255 vostris
1509 2211 1559 2256 B.

597 2265 616 2291 ⁸
640 2266 785 2320 epatio
805 2265 863 2307 de
881 2265 998 2316 Jan3
1026 2266 1211 2307 statione
1231 2265 1282 2309 B.

259 2413 397 2456 “For
441 2413 521 2456 the
566 2413 762 2467 thought
807 2427 1017 2468 compare
1066 2413 1310 2464 Petronius,
1353 2415 1445 2457 Sat.
1488 2419 1540 2457 48
1577 2431 1609 2458 n
1694 2411 1702 2469 j.

192 2469 449 2523 ooninnqm
466 2468 616 2523 agellis
636 2468 832 2510 Siciliam
850 2469 962 2518 volo,
983 2474 1048 2515 ιιι,
1071 2482 1168 2510 oum
1192 2469 1403 2524 Afrwam
1422 2470 1629 2512 libuerit·
1611 2484 1668 2518 nr,
1694 2468 1702 2506 Γ

188 2537 273 2579 por
288 2535 403 2565 mooe
420 2523 524 2570 rime
542 2522 750 2576 naviqom.
1693 2556 1695 2564 ,

195 2593 293 2644 890
