1702 2918
420 139 567 187 THE
603 139 923 187 EPISTLES
961 139 1052 187 OF
1086 138 1353 189 SENECA

136 247 260 294 haec
283 249 469 310 optavi,
489 249 597 294 sine
620 247 800 309 quibus
824 246 1080 294 interdum
1102 246 1316 294 honesta
1332 263 1436 294 non
1460 253 1625 310 potest

136 330 257 362 esse.

58 389 113 445 ”8
727 398 769 441 O
787 402 856 441 ter
888 412 944 440 ue
963 403 1209 454 quaterque
1227 400 1364 449 beati,

296 453 410 506 Quis
429 456 535 495 ante
553 466 632 495 ora
649 456 829 506 patrum
887 455 1005 496 roiae
1024 455 1108 496 sub
1127 455 1359 496 moenibus
1380 454 1481 496 altis

296 507 498 561 Contigit
515 511 728 561 oppetere
745 510 755 549 2

135 583 273 642 Quid
313 587 543 642 interest,
583 590 728 646 optes
775 583 871 630 hoc
911 583 1059 631 alicui
1103 601 1168 631 an
1209 585 1431 648 optabile
1476 584 1626 631 fuisse
1687 583 1689 588 ’

84 654 113 700 9
135 651 374 698 fatearis?
435 651 622 698 Decius
641 667 695 698 se
714 667 803 714 pro
820 667 874 698 re
894 651 1092 714 publica
1111 651 1335 709 devovit3
1368 656 1421 698 in
1437 652 1628 699 medios
1688 655 1690 683 ἴ

136 718 307 766 hostes
339 722 592 766 concitato
624 734 754 782 equo
786 725 1001 766 mortem
1031 725 1212 781 petens
1243 723 1410 766 inruit.
1484 719 1628 766 Alter

136 791 252 849 post
306 785 459 843 hunc,
516 792 758 848 paternae
815 789 1014 832 virtutis
1071 786 1313 844 aemulus,
1372 789 1629 848 conceptis

137 852 460 900 sollemnibus
511 869 569 900 ac
623 857 721 899 iam
775 852 1099 900 familiaribus
1148 855 1312 900 verbis
1366 857 1418 900 in
1472 857 1629 900 aciem

137 919 536 967 confertissiman
570 923 858 978 incucurrit,
893 920 958 967 de
1000 920 1095 967 hoc
1134 921 1375 968 sollicitus
1414 927 1630 978 tantum,

135 993 195 1034 ut
234 987 420 1045 litaret,
461 987 735 1050 optabilem
776 1003 882 1034 rem
922 988 1137 1050 putansl
1178 989 1361 1035 bonam
1401 994 1627 1034 mortem.
1693 1027 1695 1034 .

139 1053 355 1101 Dubitas
387 1070 524 1117 ergo,
547 1071 612 1100 an
641 1058 888 1117 optimum
919 1058 986 1102 sit
1015 1055 1390 1102 memorabilem
1422 1058 1546 1101 mori
1578 1061 1632 1102 et
1694 1062 1695 1067 ’

56 1121 118 1168 10
138 1125 191 1168 in
236 1121 404 1185 aliquo
457 1138 609 1184 opere
656 1123 887 1169 virtutis?
981 1122 1104 1169 Cum
1156 1122 1334 1185 aliquis
1381 1128 1633 1170 tormenta
1696 1167 1697 1170 ,

139 1188 339 1236 sortiter
367 1193 573 1251 patitur,
596 1190 826 1236 omnibus
858 1190 1127 1236 virtutibus
1159 1193 1330 1237 utitur.
1404 1189 1632 1237 Fortasse
1696 1246 1697 1255 γ

139 1272 240 1303 una
273 1260 327 1302 in
361 1263 595 1319 promptu
636 1260 702 1304 sit
742 1262 797 1303 et
835 1260 1051 1304 maxime
1091 1263 1331 1320 appareat
1371 1260 1627 1320 patientia.
1695 1257 1702 1283 ⁴²

141 1323 376 1371 Ceterum
395 1323 498 1370 illic
517 1330 596 1371 est
613 1323 873 1382 fortitude,
889 1327 1028 1371 cuius
1047 1328 1293 1387 patientia
1307 1331 1361 1372 et
1379 1327 1632 1387 perpessio
1695 1320 1702 1359 ⁵³

140 1397 193 1437 et
218 1390 484 1438 tolerantia
507 1394 630 1438 rami
655 1397 784 1438 sunt.
859 1391 969 1438 Illic
994 1398 1073 1439 est
1096 1392 1379 1454 prudentia,
1404 1395 1510 1439 sine
1535 1408 1634 1455 qua
1701 1393 1702 1397 ’

139 1457 336 1505 nullum
367 1461 523 1505 initur
553 1458 830 1516 consilium,
862 1475 991 1522 quae
1023 1459 1217 1517 suadet,
1246 1459 1380 1523 quod
1413 1459 1632 1521 effugere

139 1541 242 1572 non
260 1529 428 1588 possis,
451 1542 601 1589 quam
619 1525 886 1573 fortissime
905 1526 1048 1574 ferre.
1112 1526 1220 1573 Illic
1240 1532 1318 1574 est
1336 1530 1632 1585 constantia,
1697 1557 1699 1583 2

140 1609 269 1656 quae
320 1592 451 1640 deici
502 1593 612 1640 loco
660 1609 762 1640 non
814 1599 983 1656 potest
1033 1600 1088 1641 et
1137 1597 1446 1657 propositum
1497 1593 1635 1640 nulla
1699 1598 1701 1619 ³

141 1663 189 1706 vi
236 1666 571 1723 extorquente
617 1660 844 1709 dimittit.
936 1661 1045 1708 Illic
1093 1667 1172 1708 est
1216 1661 1502 1708 individuus
1548 1660 1633 1708 ille
1699 1655 1702 1673 >

140 1731 407 1774 comitatus
437 1731 709 1784 virtutum3
744 1728 982 1791 quicquid
1014 1728 1227 1776 honeste
1259 1729 1332 1787 fit,
1356 1745 1456 1775 una
1479 1731 1635 1775 virtus

139 1794 277 1852 facit,
325 1795 415 1842 sed
462 1811 523 1842 ex
570 1795 763 1843 consilii
809 1799 1075 1843 sententia.
1159 1795 1310 1855 Quod
1355 1802 1524 1843 autem
1572 1796 1635 1842 ab

140 1862 370 1909 omnibus
396 1863 663 1910 virtutibus
689 1863 1038 1926 conprobatur,
1063 1866 1215 1910 etiam
1241 1867 1278 1910 si
1312 1864 1375 1910 ab
1407 1880 1506 1910 una
1529 1862 1635 1910 fieri

141 1929 356 1988 videtur,
380 1930 602 1993 optabile
628 1936 717 1977 est.

58 1993 115 2040 11
224 1996 399 2055 Quid?
467 1997 543 2044 Tu
590 2001 843 2045 existimas
884 2014 944 2046 ea
990 2003 1190 2045 tantum
1230 1997 1470 2060 optabilia
1510 2013 1634 2055 esse,

458 2083 475 2109 ²
498 2089 666 2138 putans
683 2084 796 2126 later
816 2083 946 2127 MSS.
969 2101 981 2133 ;
1005 2090 1142 2138 putas
1158 2083 1319 2138 pVPb.

208 2168 230 2187 ⁰
256 2160 351 2202 Ver
386 2160 430 2208 ’1,
450 2161 637 2210 Aeneid,
658 2163 686 2204 i.
711 2165 764 2202 94
783 2162 828 2204 ff.

208 2216 225 2242 ⁶
256 2214 324 2268 Cf.
401 2217 491 2269 ivy,
522 2217 610 2258 viii.
639 2219 678 2258 9.
707 2219 732 2256 6
756 2216 802 2258 ff.
837 2248 846 2257 .
883 2249 892 2258 .
928 2249 937 2259 .
972 2215 1152 2270 leyionee
1179 2216 1424 2270 aua-iliaque
1452 2215 1636 2258 hostium

143 2282 305 2310 mecum
324 2270 413 2310 deis
431 2270 630 2311 manibus
653 2270 892 2324 Tellurique
911 2271 1101 2312 devoveo.

211 2331 227 2350 ⁶
262 2322 318 2364 Ut
338 2324 510 2365 litaret:
536 2324 627 2372 i.o.,
648 2324 749 2365 that
770 2325 827 2377 by
849 2324 917 2365 his
937 2323 1136 2366 sacrifice
1154 2323 1212 2365 he
1231 2323 1377 2377 might
1402 2337 1557 2366 secure
1575 2337 1633 2365 an

144 2389 275 2418 omen
304 2377 356 2419 of
380 2390 571 2420 success.
635 2377 702 2432 Cf.
729 2378 873 2432 Pliny,
897 2378 1022 2420 N.H.
1051 2379 1138 2420 viii.
1162 2381 1231 2426 45,
1259 2378 1350 2419 and
1378 2377 1632 2425 Suetonius,

144 2430 386 2484 Auyustuffl
417 2435 497 2473 96:
529 2431 639 2473 “At
665 2431 743 2473 the
772 2434 894 2486 siege
926 2432 978 2473 of
1008 2431 1204 2478 Perusia,
1236 2432 1363 2473 when
1401 2432 1458 2473 he
1496 2432 1635 2473 found

145 2484 221 2526 the
260 2484 481 2527 sacrifices
516 2499 631 2527 were
668 2489 748 2528 not
774 2486 1034 2528 favourable
1070 2486 1298 2540 (sacrificio
1334 2500 1424 2528 non
1453 2487 1632 2540 litanti),

146 2538 379 2592 Augustus
399 2539 542 2581 called
559 2539 629 2582 for
647 2553 769 2582 more
788 2540 1011 2583 victims.”

147 2610 209 2651 40
