1702 2918
505 141 651 188 THE
687 142 1007 192 EPISTLES
1043 144 1135 193 OF
1168 143 1432 193 SENECA

225 248 289 295 ab
323 248 410 296 illa
444 249 571 298 fiunt
612 252 819 315 quidem
852 253 951 300 alia
984 254 1093 301 aliis
1127 258 1341 302 rectiora
1374 259 1505 301 sunt.
1581 254 1702 300 Hui<

227 340 362 384 enim
386 354 590 386 necesse
615 346 693 387 est
715 341 1082 404 respondeant3
1115 345 1188 389 ita
1211 347 1347 406 paria
1370 348 1500 389 sunt.

143 430 202 478 21
313 425 497 484 “Quid
544 427 743 491 ergo?''
792 430 994 493 inquis,1
1037 433 1245 479 “iacere
1292 434 1346 477 in
1393 432 1617 477 convivio
1663 434 1702 477 ei

227 517 448 577 torqueri
488 519 625 578 paria
665 518 818 564 sunt?
838 516 865 534 ’⁹
961 518 1077 566 Hoc
1122 521 1302 566 mirum
1349 517 1550 565 videtur
1588 518 1702 564 tibi}

231 602 365 649 Illud
382 602 502 650 licet
520 607 679 667 magis
697 605 954 654 admireris
975 623 988 664 ;
1020 610 1183 655 iacere
1200 610 1253 653 in
1273 610 1497 654 convivio
1515 606 1702 653 malum

229 694 282 737 in
314 691 489 738 eculeo
520 692 710 740 bonum
739 692 857 753 est‚2
885 697 926 741 si
957 693 1084 742 illud
1115 699 1348 758 turpiter,
1379 693 1476 741 hoc
1507 693 1702 742 honest«

230 778 326 827 fit.³
411 779 550 827 Bona
589 784 686 829 ista
725 787 814 829 aut
858 782 989 829 mala
1029 798 1133 830 non
1174 783 1325 830 efficit
1371 785 1595 840 materia,
1632 781 1702 830 set*

231 871 401 915 virtus.
474 869 619 916 Haec
665 870 967 934 ubicumque
1007 874 1250 934 apparuit,
1291 874 1459 918 omnia
1498 869 1702 918 eiusden

148 956 212 1004 22
234 973 496 1005 mensurae
519 974 577 1004 ac
600 962 751 1021 pretii
775 965 908 1006 sunt.
982 958 1044 1006 In
1062 959 1230 1007 oculos
1247 957 1524 1006 nuncmihi
1548 974 1702 1006 manw

232 1049 457 1093 intentat
491 1046 594 1105 ille,
618 1049 705 1110 qui
737 1051 960 1094 omnium
995 1050 1218 1095 animum
1252 1050 1487 1094 aestimat
1521 1062 1585 1094 ex
1619 1060 1702 1095 suu

234 1134 370 1199 quod
407 1134 568 1182 dicam
610 1138 748 1198 paria
787 1136 918 1183 bona
959 1152 1068 1184 esse
1108 1135 1323 1184 honeste
1363 1135 1632 1183 iudicantis
1671 1148 1702 1182 e

235 1222 449 1271 honeste
485 1223 855 1287 periclitantis‚⁴
890 1224 1025 1288 quod
1065 1223 1230 1271 dicam
1269 1227 1405 1287 paria
1445 1224 1577 1271 bona
1617 1237 1702 1271 ess«

235 1315 359 1371 eius,
383 1315 470 1376 qui
500 1312 797 1376 triumphat,
821 1319 876 1361 et
907 1317 1030 1372 eiuS,
1054 1316 1140 1377 qui
1163 1319 1282 1360 ante
1308 1329 1506 1359 currum
1528 1311 1702 1359 vehitu

235 1403 451 1448 invictus
496 1404 675 1448 animo.
765 1401 882 1448 Non
922 1407 1107 1464 putant
1152 1404 1288 1448 enim
1328 1400 1450 1459 fieri,
1491 1403 1702 1464 quicquic

236 1488 402 1537 facere
438 1505 540 1535 non
587 1495 827 1552 possunt3
874 1505 937 1537 ex
974 1489 1265 1536 infirmitate
1307 1505 1396 1536 sua
1440 1488 1505 1536 de
1542 1492 1702 1537 virtut

153 1587 216 1634 23
238 1577 409 1625 ferunt
443 1580 760 1625 sententiam.
834 1576 972 1636 Quid
1011 1580 1218 1636 miraris,
1256 1581 1296 1624 si
1336 1580 1429 1636 uri,
1467 1576 1702 1625 vulnerari

238 1666 414 1724 occidi,
429 1666 621 1729 alligari
636 1669 790 1725 iuvat,
805 1665 1073 1730 aliquando
1089 1670 1242 1713 etiam
1258 1665 1412 1713 libet?
1457 1664 1702 1713 Luxurioo

238 1755 498 1819 frugalitas
539 1770 702 1818 poena
744 1760 837 1813 est,
873 1757 1016 1818 pigro
1048 1753 1278 1817 supplicii
1317 1753 1427 1800 loco
1465 1752 1605 1799 labor
1635 1755 1702 1822 esi

239 1844 484 1891 delicatus
554 1846 820 1891 miseretur
893 1842 1144 1901 industrii,
1207 1841 1456 1890 desidioso
1525 1838 1702 1889 studer

239 1935 460 1996 torqueri
501 1937 591 1979 est.
665 1930 858 1978 Eodem
904 1930 1055 1978 modo
1094 1930 1236 1989 haec,
1276 1930 1342 1978 ad
1387 1946 1516 1994 quae
1556 1944 1702 1980 omne

237 2020 460 2068 inbecilli
505 2035 690 2077 sumus,
737 2019 862 2066 dura
906 2025 1060 2083 atque
1106 2018 1420 2066 intoleranda
1466 2017 1702 2065 credimus

237 2109 398 2167 obliti,
433 2124 583 2172 quam
621 2107 794 2154 multis
832 2113 1142 2155 tormentum
1180 2110 1246 2153 sit
1280 2109 1396 2152 vino
1438 2120 1605 2152 carere
1641 2119 1702 2178 aq

238 2201 397 2261 prima
424 2196 538 2243 luce
562 2198 781 2243 excitari.
856 2195 971 2241 Non
1006 2198 1102 2241 ista
1136 2193 1353 2241 difficilia
1384 2198 1502 2240 sunt
1533 2175 1702 2247 natura

308 2315 323 2341 ¹
351 2315 494 2370 inquis
512 2314 624 2355 later
643 2312 774 2356 MSS.
794 2330 807 2363 ς
835 2313 852 2355 i
910 2313 977 2355 uit
995 2312 1124 2354 VPb.

303 2369 324 2396 ²
349 2369 456 2411 This
485 2368 671 2422 reading
698 2370 736 2410 is
764 2368 873 2409 base
931 2380 988 2408 on
1024 2367 1101 2408 the
1128 2365 1356 2420 authority
1384 2364 1438 2407 of
1468 2364 1559 2406 late
1591 2363 1639 2406 M

239 2424 353 2467 VPb
373 2423 479 2464 read
497 2424 632 2465 iacere
651 2423 699 2464 in
716 2423 854 2464 eculeo
874 2421 1031 2463 bonum
1049 2426 1122 2463 eet.

305 2478 323 2506 ⁸
349 2478 516 2520 honeste
528 2478 584 2530 fit
604 2477 716 2518 later
735 2475 864 2518 MSS.
885 2492 898 2524 ς
925 2476 1094 2517 honeste
1110 2475 1168 2516 eit
1185 2474 1291 2523 Vb;
1318 2473 1539 2515 honestum
1555 2472 1614 2514 eit
1634 2465 1702 2518 R!

305 2532 325 2559 ⁴
351 2538 390 2574 et
407 2532 575 2573 honeste
588 2530 881 2586 periclitantis
898 2529 1048 2571 added
1066 2529 1128 2583 by
1147 2527 1298 2572 Gertz.
1697 2537 1702 2587 ς

241 2597 305 2648 86
