1702 2918
500 153 646 201 THE
682 152 1004 201 EPISTLES
1041 151 1132 200 OF
1165 151 1431 200 SENECA

224 267 383 327 turpis
407 270 486 311 est
509 269 564 310 et
587 262 941 310 erubescenda.
1017 263 1119 308 Hic
1143 268 1221 309 est
1246 265 1381 309 enim
1409 262 1605 320 Brutus,
1630 267 1702 326 qui

223 348 337 378 cum
353 334 602 394 periturus
617 334 790 377 mortis
806 346 966 376 moras
975 336 1256 393 quaereret,
1265 329 1329 376 ad
1344 329 1702 379 exonerandum

224 404 455 446 ventrem
491 402 697 445 secessit
738 404 793 445 et
833 403 1067 444 evocatus
1101 396 1166 443 ad
1200 403 1415 444 mortem
1455 400 1702 460 iussusque

224 466 465 528 praebere
490 469 764 512 cervicem:
800 469 832 492 “
847 463 1145 526 praebebo,”
1165 467 1346 527 inquit,
1365 467 1483 510 “ita
1505 462 1702 512 vivam.''

225 533 370 591 Quae
395 532 654 579 dementia
677 539 756 579 est
779 531 974 594 fugere,
998 548 1112 578 cum
1136 537 1271 578 retro
1302 535 1373 578 ire
1397 548 1496 577 non
1523 532 1702 594 possis]

225 605 257 627 “
277 599 579 658 Praebebo,”
617 603 797 662 inquit,
839 602 957 645 “ita
992 597 1200 645 vivam.''
1292 598 1457 646 Paene
1503 599 1690 646 adiecit

224 667 351 713 “vel
382 667 474 713 sub
500 666 770 714 Antonio.''
843 665 892 714 Ο
924 665 1181 712 hominem
1211 665 1440 729 dignum,
1463 669 1550 729 qui
1583 668 1702 716 vita(

224 733 524 781 dederetur!

142 802 203 849 13
309 800 428 858 Sed,
454 806 511 848 ut
534 816 798 863 coeperam
829 799 1015 858 dicere,
1038 799 1179 847 vides
1202 803 1360 862 ipsam
1382 804 1598 846 mortem
1620 807 1702 849 ne(

227 868 414 915 malum
439 884 548 915 esse
572 884 667 915 1166
691 868 910 924 bonum;
947 867 1071 914 Cato
1102 867 1189 913 1113
1220 866 1570 914 honestissime
1602 879 1702 921 usui

226 942 319 994 est,
344 939 629 999 turpissime
658 935 852 982 Brutus.
927 933 1106 981 Omnis
1132 950 1210 981 res
1242 934 1376 996 quod
1409 950 1510 980 non
1542 931 1702 991 habuii'

223 1003 394 1061 decus,
441 1006 628 1050 virtute
674 1002 847 1049 addita
892 1005 1058 1049 sumit.
1153 1001 1450 1048 Cubiculum
1494 1000 1702 1051 luciduu

145 1070 204 1117 14
224 1071 452 1127 dicimus,
487 1069 583 1116 hoc
618 1069 752 1117 idem
788 1070 1190 1116 obscurissimum
1225 1075 1303 1115 est
1337 1074 1502 1115 nocte.
1595 1067 1702 1121 Diei

223 1137 298 1184 illi
322 1137 487 1184 lucem
512 1137 751 1195 iufundit,
775 1153 875 1183 nox
899 1139 1078 1199 eripit;
1114 1139 1184 1183 sic
1214 1139 1339 1193 istis,
1363 1151 1492 1199 quae
1520 1152 1550 1181 3
1572 1135 1702 1184 nobil

216 1201 559 1250 indifferentia
591 1219 651 1251 ac
681 1203 850 1250 media
880 1203 1135 1260 dicuntur,
1161 1202 1366 1260 divitiis,
1393 1205 1596 1261 viribus,
1621 1203 1702 1265 for

217 1286 349 1326 mae,
376 1270 666 1328 honoribus,
691 1286 851 1335 regno
881 1277 936 1318 et
959 1278 1138 1318 contra
1165 1274 1334 1328 morti,
1361 1271 1530 1328 exilio,
1554 1271 1702 1321 1113131

220 1337 516 1395 valetudini,
528 1337 784 1386 doloribus
801 1354 1037 1403 quaeque
1055 1338 1154 1386 alia
1169 1345 1260 1387 aut
1274 1343 1441 1387 minus
1458 1346 1549 1387 aut
1558 1340 1702 1404 magia

218 1407 590 1467 pertimuimus,
610 1413 702 1454 aut
725 1405 922 1454 malitia
946 1413 1037 1454 aut
1061 1409 1219 1454 virtus
1238 1406 1329 1454 dat
1354 1407 1471 1454 boni
1499 1406 1578 1454 vel
1602 1403 1702 1455 mal

219 1489 421 1521 nomen.
496 1473 670 1521 Massa
693 1489 787 1537 per
809 1489 864 1521 se
889 1490 984 1522 nec
1008 1473 1172 1522 calida
1195 1490 1290 1522 1166
1314 1473 1499 1538 frigida
1523 1481 1632 1531 est3
1667 1476 1702 1540 ii

219 1538 478 1588 fornacem
502 1545 734 1589 coniecta
765 1541 1034 1598 concaluit,
1060 1544 1113 1588 in
1145 1558 1332 1606 aquam
1364 1541 1620 1590 demissa1
1644 1542 1702 1599 rd

219 1607 375 1656 frixit.
450 1609 591 1656 Mors
617 1608 832 1657 honesta
857 1617 938 1657 est
960 1626 1054 1673 per
1076 1609 1217 1666 illud,
1244 1610 1381 1674 quod
1413 1609 1702 1662 honestum!

178 1705 179 1708 =
218 1683 315 1732 est,
339 1676 394 1724 id
418 1683 499 1724 est
524 1680 683 1725 virtus
708 1684 764 1725 et
788 1679 986 1724 animus
1012 1684 1246 1725 extrema
1269 1685 1618 1725 contemnens.
1694 1694 1702 1739 1

132 1742 191 1787 15
306 1743 402 1792 Est
443 1751 499 1792 et
539 1743 736 1802 horum,
780 1744 959 1802 Lucili,
1003 1761 1135 1809 quae
1178 1745 1493 1809 appellamus
1533 1742 1702 1799 media'

219 1811 414 1874 grande
453 1812 739 1860 discrimen.
813 1812 927 1860 Non
966 1817 1104 1860 enim
1145 1815 1216 1861 sic
1257 1830 1390 1861 mors
1430 1812 1660 1861 ind1ffere

221 1885 317 1935 est,
374 1880 629 1944 quomodo
682 1887 855 1928 utrum
902 1880 1107 1944 capillos
1161 1897 1310 1944 pares
1365 1897 1431 1928 an
1483 1811 1702 1998 inpares}

221 1945 426 1995 habeas.
500 1947 642 1996 Mors
673 1951 810 1995 inter
832 1947 918 1995 illa
942 1955 1038 2005 est,
1065 1965 1196 2012 quae
1229 1947 1364 1995 mala
1389 1948 1597 2013 quidem
1620 1964 1655 1994 11
1696 1999 1702 2012 ¹

220 2022 356 2071 sunt,
395 2021 573 2063 tamen
604 2015 799 2063 habent
830 2014 951 2063 mali
982 2019 1238 2080 speciem;
1273 2018 1351 2064 sui
1384 2031 1526 2063 amor
1557 2022 1637 2063 est
1668 2015 1702 2067 61

217 2121 236 2148 ¹
264 2122 440 2173 Haase3
468 2124 652 2166 remissa
670 2124 798 2167 VPb.
1003 2125 1020 2150 ²
1049 2124 1183 2166 Later
1206 2123 1370 2173 MSS.;
1399 2124 1577 2166 honesta
1593 2123 1674 2165 VP

605 2180 623 2205 ⁸
650 2193 710 2220 an
731 2179 921 2232 impares
941 2178 1090 2221 added
1107 2179 1171 2232 by
1192 2179 1334 2221 Koch.
1688 2178 1702 2202 ·’

221 2339 390 2391 enmity
405 2340 458 2381 of
468 2339 577 2381 both
636 2341 814 2381 ctavian
829 2339 919 2381 and
935 2339 1135 2392 Antony.
1183 2340 1255 2381 He
1271 2352 1360 2380 was
1425 2340 1652 2380 nominiou

220 2396 303 2444 put
330 2396 377 2433 to
404 2393 541 2435 death
569 2393 632 2446 by
651 2408 679 2435 a
707 2393 828 2435 Gaul
852 2393 982 2436 while
1008 2393 1170 2447 fleeing
1198 2398 1245 2434 to
1268 2393 1366 2447 join
1488 2393 1651 2434 Brutus

224 2446 508 2489 Macedonia.

300 2504 317 2525 ⁰
346 2501 515 2543 media.
545 2515 574 2543 3
601 2501 818 2543 technical
838 2500 960 2543 word
989 2502 1035 2542 in
1060 2500 1183 2543 Stoic
1210 2501 1494 2554 philosophy,
1515 2502 1659 2542 meani

222 2554 393 2596 neither
412 2554 533 2609 good
552 2568 634 2597 nor
654 2554 758 2597 bad.

226 2622 318 2667 248

298 2283 608 2326 “Presumabl
659 2286 716 2327 D.
737 2285 902 2327 Junius
930 2285 1110 2334 Brutus,
1130 2286 1232 2327 who
1250 2285 1406 2338 finally
1426 2275 1702 2583 incurredti
