1702 2918
442 190 590 238 THE
623 189 946 239 EPISTLES
982 189 1074 239 OF
1108 189 1376 239 SENECA

160 314 214 346 re
252 315 438 362 magna
482 299 746 347 deliberes.
820 300 935 347 Non
981 305 1061 347 est
1104 315 1183 346 res
1228 314 1414 362 magna
1457 300 1654 352 vivere3

161 393 335 424 omnes
358 381 487 424 servi
510 382 586 425 tui
610 381 802 436 vivunt,
826 381 994 425 omnia
1016 377 1278 433 animalia;
1313 391 1553 439 magnum
1577 379 1655 422 est

160 453 373 502 honeste
409 458 550 514 mori,
585 455 878 518 prudenter,
914 455 1126 503 fortiter.
1198 454 1391 518 Cogita,
1416 451 1654 517 quamdiu
1699 493 1702 499 .

159 535 258 579 iam
305 533 442 581 idem
488 533 669 581 facias:
728 534 883 592 cibus,
919 550 1140 592 somnus,
1174 532 1348 590 libido,
1383 547 1475 595 per
1520 530 1654 578 hunc
1698 527 1702 582 ὲ

158 611 399 658 circulum
435 615 661 659 curritur.
734 611 866 659 Mori
901 611 1032 660 velle
1064 628 1166 658 non
1198 617 1399 658 tantum
1433 608 1654 673 prudens
1698 622 1702 668 ζ

157 695 247 736 aut
270 688 413 736 fortis
435 695 526 737 aut
547 693 714 749 miser,
738 693 893 737 etiam
916 689 1202 738 fastidiosus
1226 687 1444 752 potest.”
1695 687 1702 743 ’,’

106 770 134 817 7
244 767 360 814 Non
400 783 525 831 opus
566 774 675 816 erat
714 784 913 816 suasore
954 767 1045 827 illi,
1080 767 1171 815 sed
1209 766 1469 823 adiutore;
1525 768 1653 813 servi
1691 748 1702 810 l

155 860 331 908 parere
366 845 621 894 nolebant.
696 845 917 893 Primum
962 845 1183 893 detraxit
1226 844 1325 891 illis
1366 849 1559 891 metum
1599 849 1654 891 et
1693 874 1702 921 ¹

156 922 397 970 indicavit
441 929 564 971 tunc
610 923 850 971 familiam
902 923 1180 987 periculum
1225 923 1382 981 adire,
1417 939 1532 969 cum
1576 925 1653 969 in-

157 1007 352 1048 certum
399 1007 550 1061 esset,
595 1018 661 1048 an
705 1017 838 1049 mors
884 1001 1075 1049 domini
1120 1001 1401 1049 voluntaria
1446 999 1653 1058 fuisset3

155 1078 341 1144 alioqui
387 1085 493 1127 tam
538 1079 657 1127 mali
698 1079 918 1143 exempli
961 1095 1070 1127 esse
1117 1079 1346 1127 occidere
1393 1078 1652 1126 dominum

104 1157 133 1203 8
155 1173 307 1221 quam
348 1157 627 1222 prohibere.
702 1156 905 1205 Deinde
951 1160 1117 1221 ipsum
1167 1156 1516 1205 Marcellinum
1564 1155 1652 1203 ad-

154 1239 353 1284 monuit
390 1253 494 1284 non
534 1253 644 1284 esse
678 1235 1027 1295 inhumanum,
1062 1234 1486 1300 quemadmodum
1528 1251 1653 1282 cena
1684 1253 1687 1259 ·

153 1320 359 1377 peracta
424 1314 666 1378 reliquiae
723 1315 1161 1362 circumstantibus
1218 1313 1524 1372 dividantur,
1580 1304 1663 1360 sic'
1686 1340 1698 1369 ·,

152 1398 356 1456 peracta
413 1395 517 1440 vita
571 1392 762 1456 aliquid
819 1396 1004 1456 porrigi
1060 1396 1137 1451 iis,
1183 1395 1270 1456 qui
1316 1395 1472 1439 totius
1517 1378 1697 1455 vitaej

150 1473 365 1518 ministri
395 1469 621 1518 fuissent.
696 1470 818 1517 Erat
856 1469 1180 1518 Marcellinus
1215 1469 1373 1517 facilis
1406 1472 1561 1516 animi
1596 1475 1652 1517 et
1681 1464 1693 1523 ἐ

0 1535 54 1591 Ν
149 1547 387 1607 liberalis,
411 1548 829 1615 Qum-,de
864 1563 954 1596 suo
989 1548 1146 1596 fieret.
1223 1548 1444 1596 Minutas
1478 1544 1691 1612 itaque*

0 1614 77 1674 ὦ)
150 1626 422 1674 summulas
468 1626 725 1674 distribuit
776 1625 1015 1674 flentibus
1061 1629 1214 1674 servis
1262 1632 1316 1674 et
1361 1625 1472 1674 illos
1517 1625 1651 1674 ultro
1700 1626 1702 1652 ἶ

100 1713 130 1760 9
151 1704 436 1752 consolatus
451 1710 541 1752 est.
617 1704 732 1751 Non
750 1703 848 1752 fuit
866 1704 939 1752 illi
957 1721 1082 1768 opus
1102 1703 1249 1763 ferro,
1268 1721 1370 1751 non
1388 1707 1650 1767 sanguine3
1697 1683 1702 1794 ἕ

149 1782 318 1830 triduo
357 1783 604 1830 abstinuit
644 1788 699 1830 et
739 1785 792 1830 in
832 1786 941 1846 ipso
982 1781 1213 1831 cubiculo
1253 1786 1372 1846 poni
1417 1783 1648 1831 taberna·
1688 1827 1702 1859 ἵ,

150 1861 320 1909 culum
361 1864 518 1909 iussit.
591 1860 783 1909 Solium
824 1861 1012 1909 deinde
1059 1861 1274 1908 inlatum
1320 1867 1415 1920 est,
1449 1864 1504 1908 in
1549 1878 1650 1926 quo
1685 1892 1702 1926 ,Ὗ

149 1938 235 1987 diu
272 1942 427 1987 iacuit
462 1945 517 1987 et
552 1938 695 1986 calda
718 1939 933 1987 subinde
956 1938 1141 1987 suffusa
1164 1939 1406 2002 paulatim
1442 1938 1648 1998 defecit,
1682 1945 1688 1986 1,

149 2024 208 2065 ut
237 2018 421 2076 aiebat,
445 2034 547 2064 non
581 2020 688 2065 sine
719 2017 935 2082 quadam
969 2016 1247 2081 voluptate,
1270 2033 1421 2082 quam
1451 2017 1648 2065 adferre
1680 2039 1685 2063 r

149 2095 279 2144 solet
337 2095 464 2144 lenis
516 2095 778 2143 dissolutio
836 2111 939 2143 non
995 2099 1261 2159 inexperta
1316 2096 1476 2155 nobis,
1523 2111 1685 2160 quom

147 2173 417 2239 aliquando
441 2173 588 2238 liquit
611 2177 818 2220 animus.

213 2322 234 2342 ⁰
263 2313 351 2356 For
385 2314 476 2356 this
513 2313 723 2368 frequent
751 2313 998 2368 “banquet
1029 2313 1082 2356 of
1114 2313 1232 2355 life”
1259 2313 1403 2356 simile
1440 2327 1516 2356 see
1552 2314 1641 2370 Ep.

145 2370 289 2411 xcviii.
318 2371 366 2409 15
385 2369 475 2423 ipso
494 2369 607 2410 vitae
621 2369 778 2422 plenus
795 2374 871 2415 est,
892 2372 978 2411 etc.

212 2424 230 2449 ὁ
257 2422 319 2465 So
346 2423 447 2464 that
475 2422 555 2464 the
582 2426 726 2464 steam
755 2423 901 2477 might
929 2426 1008 2464 not
1040 2435 1214 2477 escape.
1285 2421 1387 2466 One
1413 2421 1570 2464 thinks
1597 2422 1648 2465 os
1668 2438 1673 2482 ¹.

144 2477 354 2520 Seneca's
392 2477 479 2518 last
514 2475 676 2519 hours:
724 2476 829 2519 Tac.
870 2477 995 2519 Am».
1036 2490 1108 2520 xv.
1150 2480 1205 2518 64
1238 2483 1442 2531 staynwm
1479 2478 1645 2520 calidae
1672 2502 1673 2505 =

143 2545 280 2586 aquae
307 2531 480 2573 introiit
507 2563 519 2573 .
551 2562 563 2574 .
597 2561 609 2573 .
641 2531 740 2573 ooea‘n
767 2531 916 2573 balneo
943 2531 1108 2573 inlatus
1134 2536 1174 2573 ot
1199 2544 1360 2586 vapore
1389 2531 1478 2573 eius
1501 2532 1640 2574 emni-

143 2591 298 2631 matus.

148 2655 242 2702 172

717 2698 747 2721 θ
