1702 2918
426 223 574 272 THE
608 225 929 274 EPISTLES
965 226 1056 274 OF
1090 225 1357 275 SENECA

86 375 96 377 ‚
142 336 318 392 aperto
340 348 431 380 nos
454 341 632 382 natura
656 335 888 383 custodit.
962 335 1054 383 Cui
1087 339 1338 399 permittit
1364 338 1636 383 necessitas

143 445 246 488 sua,
262 433 627 496 circumspiciat
642 437 833 482 exitum
847 434 1052 482 mollem
1068 451 1081 492 ;
1106 438 1186 482 cui
1199 434 1265 482 ad
1277 450 1481 503 manum
1495 432 1636 497 plura

143 533 276 586 sunt,
302 545 392 592 per
421 546 550 594 quae
582 548 691 580 sese
721 532 936 591 adserat,
959 536 1001 580 is
1032 533 1275 581 dilectum
1306 538 1425 596 agat
1456 538 1510 580 et
1539 548 1638 595 qua

144 629 456 687 potissimum
479 629 735 689 liberetur,
761 631 1074 689 consideret3
1110 635 1190 679 cui
1214 631 1424 679 difficilis
1449 633 1639 678 occasio

145 730 239 784 est,
274 729 316 773 is
356 732 632 791 proximam
672 747 923 795 quamque
963 747 1053 795 pro
1092 734 1282 794 optima
1320 733 1540 793 arripiat,
1575 732 1640 776 sit

146 823 267 870 licet
311 828 553 887 inaudita,
599 832 666 876 sit
709 845 850 877 nova.
947 829 1062 877 Non
1107 829 1271 877 deerit
1315 829 1381 877 ad
1425 834 1640 876 mortem

62 935 122 983 25
145 929 423 989 ingenium,
447 930 528 973 cui
550 943 653 974 non
685 927 906 975 defuerit
927 931 1135 975 animus.
1207 927 1379 986 Vides,
1402 925 1641 991 quemad-

147 1024 352 1071 modum
384 1031 610 1073 extrema
640 1042 840 1090 quoque
871 1029 1136 1090 mancipia,
1166 1026 1254 1074 ubi
1284 1025 1382 1074 illis
1414 1024 1642 1074 stimulos

145 1122 320 1186 adegit
359 1123 516 1183 dolor,
557 1128 844 1173 excitentur
888 1131 943 1174 et
987 1129 1347 1173 intentissimas
1394 1123 1643 1172 custodias

148 1221 360 1269 fallant?
431 1222 527 1270 Ille
562 1227 636 1270 vir
668 1239 881 1288 magnus
917 1229 1013 1283 est,
1044 1226 1131 1288 qui
1167 1229 1380 1272 mortem
1414 1223 1508 1271 sibi
1543 1239 1641 1270 non

146 1323 347 1365 tantum
371 1321 651 1382 imperavit,
676 1319 764 1366 sed
788 1322 996 1367 invenit.

233 1413 311 1459 Ex
352 1413 531 1461 eodem
572 1415 667 1461 tibi
707 1430 918 1462 munere
964 1413 1108 1477 plura
1147 1412 1381 1476 exempla
1426 1414 1641 1476 promisi.

64 1517 127 1564 26
150 1507 382 1556 Secundo
433 1509 759 1557 naumachiae
811 1508 1098 1573 spectaculo
1155 1525 1283 1556 unus
1341 1525 1370 1556 e
1427 1508 1642 1555 barbaris

148 1608 390 1666 lanceam,
410 1625 560 1672 quam
582 1612 636 1656 in
659 1608 962 1656 adversarios
985 1614 1265 1671 acceperat,
1288 1613 1450 1656 totam
1472 1607 1645 1671 iugulo

148 1724 237 1755 suo
278 1713 463 1756 mersit.
557 1712 589 1735 “
604 1706 789 1767 Quare,
831 1707 1032 1771 quare,”
1081 1709 1262 1770 inquit,
1303 1711 1451 1754 “non
1496 1722 1645 1754 omne

147 1813 474 1866 tormentum,
532 1823 680 1854 omne
743 1805 1014 1854 ludibrium
1076 1804 1370 1852 iamdudum
1428 1804 1646 1869 effugio?

150 1907 319 1966 Quare
355 1923 451 1971 ego
474 1912 690 1954 mortem
724 1911 943 1953 armatus
974 1910 1187 1968 expecto
1205 1906 1224 1951 Ρ
1239 1904 1267 1920 ”
1353 1904 1516 1952 Tanto
1550 1903 1646 1951 hoc

66 2016 126 2066 27
150 2009 419 2070 speciosius
460 2004 803 2069 spectaculum
840 2003 954 2063 fuit,
991 2009 1180 2068 quanto
1221 2002 1481 2051 honestius
1521 2006 1645 2050 mori

149 2105 351 2153 discunt
373 2103 602 2151 homines
625 2120 774 2167 quam
799 2102 1041 2150 occidere.
1700 2162 1702 2173 ⁴

234 2200 372 2260 Quid
396 2201 552 2264 ergo?
621 2198 773 2258 Quod
802 2202 956 2246 animi
987 2198 1172 2261 perditi
1196 2197 1430 2262 quodque
1454 2201 1645 2246 noxiosi
1701 2182 1702 2188 ἵ

149 2303 357 2360 habent,
392 2316 496 2347 non
530 2298 793 2346 habebunt
826 2297 916 2356 illi,
951 2313 1074 2361 quos
1108 2296 1344 2345 adversus
1380 2295 1470 2344 hos
1505 2313 1644 2344 casus

148 2404 387 2452 instruxit
409 2400 562 2462 longa
584 2397 847 2445 meditatio
871 2403 926 2444 et
956 2399 1194 2460 magistra
1224 2412 1387 2443 rerum
1422 2398 1643 2443 omnium

148 2502 310 2550 ratio?
382 2499 476 2546 Illa
499 2513 589 2544 nos
621 2496 772 2543 docet
796 2494 888 2542 fati
911 2498 1070 2542 varios
1095 2511 1203 2542 esse
1227 2510 1470 2553 accessus,
1494 2494 1643 2542 finem

150 2601 387 2658 eundem,
421 2596 547 2644 nihil
585 2602 758 2643 autem
795 2598 1057 2652 interesse,
1094 2593 1229 2641 unde
1266 2596 1473 2656 incipiat
1509 2593 1643 2661 quod

153 2687 217 2734 70
