1702 2918
466 210 614 258 THE
648 212 968 261 EPISTLES
1005 214 1096 261 OF
1130 214 1396 264 SENECA

90 372 113 375 *⁷
186 325 241 367 et
285 323 420 368 vario
466 325 606 369 exitii
622 322 640 353 1
687 339 877 386 genere
920 325 1194 381 tollentur;
1246 326 1365 374 alias
1412 327 1678 377 destruent

186 386 334 444 bella,
353 388 473 436 alias
492 389 685 437 desidia
702 406 899 454 paxque
917 391 982 439 ad
1005 395 1237 440 inertiam
1256 410 1396 442 versa
1415 402 1677 444 consumet

186 460 241 502 et
279 459 474 517 magnis
514 457 692 519 opibus
732 461 942 507 exitiosa
986 476 1081 518 res,
1122 460 1279 508 luxus,
1354 461 1546 510 Omnes
1587 462 1676 511 hos

186 520 378 570 fertiles
403 539 602 586 campos
620 525 921 587 repentina²
943 530 1092 574 maris
1114 529 1378 576 inundatio
1401 530 1679 578 abscondet

184 594 273 635 aut
329 592 382 636 in
439 591 655 639 subitam
712 608 974 640 cavernam
1021 595 1326 643 considentis
1373 596 1464 644 soli
1511 597 1678 660 lapsus

184 655 415 704 abducet.
487 657 626 716 Quid
650 666 729 707 est
759 676 879 722 ergo
910 676 1062 725 quare
1086 662 1321 725 indigner
1343 669 1431 711 aut
1461 663 1675 724 doleam,

101 718 163 767 16
184 725 224 769 si
244 727 426 786 exiguo
444 732 701 773 momento
719 727 920 790 publica
937 728 1040 775 fata
1057 729 1339 792 praecedo?
1357 730 1386 747 ”
1459 730 1675 794 Magnus

184 793 377 838 animus
419 791 515 839 deo
556 800 729 855 pareat
765 800 819 842 et
858 796 1096 859 quicquid
1136 796 1218 844 lex
1259 800 1476 845 universi
1518 799 1676 858 iubet,

185 860 292 904 sine
317 863 638 907 cunctatione
671 864 919 923 patiatur3
954 869 1043 910 aut
1066 867 1119 910 in
1143 864 1402 912 meliorem
1427 869 1676 913 emittitur

184 927 339 971 vitam
364 925 576 974 lucidius
606 929 1025 993 tranquilliusque
1057 933 1191 979 inter
1221 931 1389 979 divina
1415 949 1674 982 mansurus

182 998 272 1039 aut
306 999 444 1040 certe
480 997 588 1042 sine
622 995 728 1043 ullo
760 996 956 1045 futurus
987 998 1304 1046 incommodo
1332 999 1443 1048 sui-‘⁵
1465 1007 1674 1050 naturae

182 1061 531 1108 remiscebitur
553 1068 608 1109 et
630 1070 913 1111 revertetur
935 1068 988 1111 in
1012 1070 1191 1114 totum.

270 1127 381 1174 Non
421 1135 499 1176 est
539 1145 659 1193 ergo
696 1131 764 1178 M.
805 1131 1006 1179 Catonis
1040 1136 1199 1181 maius
1238 1134 1424 1181 bonum
1462 1134 1675 1183 honesta

181 1197 284 1241 vita
323 1211 470 1259 quam
512 1213 644 1245 mors
679 1197 907 1257 honesta,
954 1203 1188 1263 quoniam
1234 1217 1335 1248 non
1392 1202 1675 1250 intenditur

182 1264 351 1309 virtus.
443 1263 586 1311 Idem
634 1281 743 1313 esse
789 1265 992 1314 dicebat
1038 1265 1268 1315 Socrates
1315 1272 1578 1317 veritatem
1619 1275 1674 1318 et

182 1330 434 1377 virtutem.
520 1330 785 1390 Quomodo
820 1333 905 1381 illa
939 1350 1042 1381 non
1077 1339 1273 1394 crescit,
1310 1339 1380 1383 sic
1415 1353 1481 1384 ne
1516 1340 1672 1385 virtus

100 1389 158 1439 17
182 1395 417 1458 quidem;
465 1397 621 1447 habet
654 1416 887 1448 numeros
923 1417 1052 1460 suos,
1087 1402 1238 1466 plena
1273 1409 1364 1451 est.
1439 1403 1550 1450 Non
1595 1411 1673 1452 est

180 1466 351 1526 itaque
392 1465 526 1528 quod
573 1470 765 1515 mireris
806 1471 943 1531 paria
989 1485 1098 1517 esse
1145 1470 1293 1528 bona,
1334 1476 1388 1518 et
1434 1487 1562 1534 quae
1609 1488 1672 1520 ex

179 1535 434 1593 proposito
480 1534 723 1581 sumenda
770 1542 888 1583 sunt
934 1542 988 1584 et
1034 1553 1162 1601 quae
1209 1541 1250 1584 si
1295 1541 1367 1585 ita
1412 1554 1490 1586 res
1536 1539 1668 1587 tulit.

182 1597 311 1644 Nam
348 1602 387 1646 si
432 1598 560 1647 hanc
600 1602 1013 1665 inaequalitatem
1059 1608 1322 1667 receperis,
1370 1611 1428 1652 ut
1474 1605 1673 1654 fortiter

179 1669 401 1728 torqueri
450 1670 503 1714 in
562 1670 834 1717 minoribus
890 1670 1034 1718 bonis
1090 1687 1341 1731 numeres,
1387 1674 1672 1722 numerabis

179 1735 331 1779 etiam
350 1737 403 1780 in
426 1735 584 1791 malis,
606 1742 660 1783 et
683 1736 940 1785 infelicem
956 1737 1196 1786 Socraten
1220 1739 1356 1787 dices
1380 1742 1432 1786 in
1457 1757 1670 1800 carcere,

176 1799 431 1849 infelicem
491 1803 733 1851 Catonem
790 1804 998 1853 vulnera
1054 1822 1142 1853 sua
1197 1810 1464 1855 animosius
1520 1824 1670 1872 quam

426 1887 441 1914 ¹
470 1889 588 1930 exitii
605 1889 718 1932 later
737 1889 867 1933 MSS.
889 1907 901 1937 ς
930 1892 1072 1934 ooehilii
1091 1892 1165 1940 V;
1195 1893 1311 1935 exilii
1332 1892 1410 1937 Pb.

431 1941 449 1967 ²
475 1944 703 1997 repentina
722 1944 834 1986 later
854 1944 984 1988 MSS.
1007 1963 1018 1995 ;
1047 1947 1264 2000 repentini
1282 1947 1411 1990 VPb.

597 1998 614 2024 ³
641 1998 711 2040 mi
729 1998 786 2042 G.
812 1998 1021 2048 Gemoll;
1049 2001 1088 2042 si
1108 2001 1232 2043 VPb.

240 2080 276 2137 ⁶·
291 2071 379 2115 For
396 2087 424 2115 a
442 2073 560 2138 clear
577 2075 667 2116 and
689 2076 768 2117 full
787 2077 1035 2119 discussion
1062 2079 1301 2149 regarding
1325 2077 1448 2144 Stoic
1467 2082 1602 2122 views
1620 2079 1669 2123 of

174 2126 253 2168 the
265 2128 553 2183 immortality
564 2129 616 2171 of
625 2130 703 2171 the
716 2131 827 2178 soul,
836 2132 927 2196 and
939 2131 1109 2196 Seneca
1124 2146 1145 2174 s
1157 2147 1256 2174 own
1270 2146 1450 2188 opinion
1464 2134 1664 2183 thereon‚

175 2194 260 2262 seeb
271 2181 403 2290 {JV}
429 2181 676 2280 aerbsszliis
703 2186 881 2282 leggrst
900 2217 1048 2295 riqidd
1065 2187 1472 2298 ggqeusgiffamplim
1499 2243 1667 2285 intendi

171 2291 375 2391 pozeffigq
414 2343 680 2399 knowledge
725 2346 779 2389 of
816 2347 949 2396 facts,
988 2361 1039 2391 as
1082 2348 1254 2392 Seneca
1291 2362 1342 2392 so
1378 2350 1503 2392 osten
1542 2363 1660 2404 says.

175 2396 265 2492 ῗῆὶι
281 2396 436 2492 Platc1533
455 2399 603 2494 {Monoi
634 2403 684 2441 8⁷
712 2413 738 2443 c
771 2405 975 2497 ἐπῗττήμη
1002 2419 1060 2445 τις
1094 2406 1119 2453 ἡ
1147 2406 1281 2472 ἀρετή,
1312 2404 1403 2445 and
1431 2404 1662 2489 Aristotle3

267 2483 278 2493 .
301 2465 358 2494 vl.
491 2470 568 2505 ωκρ
596 2470 664 2504 της
692 2485 702 2497 .
739 2486 749 2496 .
783 2486 793 2496 .
857 2459 969 2508 όγους
987 2460 1059 2499 τὰς
1078 2460 1218 2511 ἀρετὰς
1241 2474 1340 2509 ‹pe-ro
1363 2462 1479 2507 εἶναι,
1500 2461 1646 2509 ἐπιστή

174 2508 465 2602 mzyssl'iiegvi‘s‘
484 2510 823 2616 isszassceepted
850 2562 973 2606 Stoic
1001 2564 1230 2614 doctrineg
1272 2579 1348 2608 see
1377 2566 1464 2621 Ep.
1494 2565 1594 2608 lxvi.
1619 2570 1657 2608 5.

173 2611 328 2656 Goods
340 2627 416 2656 are
427 2615 573 2670 equal,
587 2615 806 2666 absolute,
819 2617 910 2659 and
921 2618 1225 2673 independent
1234 2619 1287 2663 of
1296 2621 1661 2670 circumstancesz

176 2683 240 2727 82
